3442 5574
506 405 536 460 T.
554 403 710 459 LUCRETI
729 403 813 458 CARI
831 403 879 457 DE
898 402 1028 457 RERUM
1047 402 1200 457 NATURA

324 591 382 634 nec
404 573 523 634 temere
545 568 609 633 huo
631 567 723 633 dolor
746 590 847 652 usque
870 570 979 652 potest
1001 571 1169 651 penetrare
1192 590 1296 652 neque
1319 591 1389 633 acre

324 698 511 760 permanare
535 675 670 762 malum,
692 675 772 760 quin
794 675 902 739 omnia
924 674 1154 757 perturbentur

324 805 426 867 usque
450 782 528 846 adeo
551 785 589 846 ut
611 782 698 846 uitae
720 782 803 846 desit
825 781 915 845 locus
939 784 1036 864 atque
1059 781 1178 846 animai

326 889 497 975 diffugiant
519 893 628 973 partes
651 911 708 973 per
730 887 837 952 caulas
861 888 1006 975 corporis
1030 889 1144 953 omnis.

326 996 381 1060 sed
403 997 591 1080 plerumque
613 996 652 1061 fit
674 996 709 1060 in
727 1016 850 1060 summo
876 994 968 1078 quasi
991 1016 1124 1079 corpore
1147 992 1222 1060 finis

325 1103 483 1168 motibus:
507 1104 589 1168 hanc
613 1103 654 1167 ob
678 1125 746 1167 rem
768 1102 871 1166 uitam
893 1101 1032 1166 retinere
1056 1102 1209 1167 ualemus,

369 1208 465 1276 Nunc
488 1233 525 1275 ea
548 1233 612 1295 quo
635 1214 730 1295 pacto
753 1209 839 1273 inter
862 1230 932 1273 sese
954 1209 1057 1273 mixta
1081 1210 1262 1294 quibusque

325 1321 454 1402 compta
476 1318 580 1383 modis
603 1319 735 1403 uigeant
757 1317 917 1380 rationem
940 1315 1069 1380 reddere
1093 1320 1241 1381 auentem

329 1424 489 1490 abstrahit
511 1425 652 1489 inuitum
674 1424 773 1509 patrii
797 1423 953 1487 sermonis
977 1426 1117 1508 egestas:

328 1531 383 1597 sed
405 1535 526 1617 tamen,
549 1535 586 1595 ut
609 1535 722 1616 potero
746 1529 933 1594 summatim
956 1530 1130 1617 attingere,
1153 1535 1293 1616 tangam.

299 1721 302 1725 ἱ
326 1639 410 1702 10101
433 1639 517 1703 00110
540 1642 671 1703 cursant
692 1637 868 1722 primordia
890 1637 1122 1720 principiorum

326 1745 469 1810 motibus
491 1746 577 1809 inter
600 1768 648 1830 00,
669 1744 717 1809 1111
738 1747 777 1808 01
799 1744 956 1808 secernier
978 1765 1079 1808 unum

325 1853 430 1936 possit
452 1875 511 1917 nec
535 1852 640 1936 spatio
663 1852 733 1915 fieri
757 1851 861 1915 diuisa
883 1854 1042 1937 potestas,

217 1980 232 2025 1
328 1959 383 2024 sed
407 1961 499 2044 quasi
522 1959 644 2023 multae
666 1958 717 2023 uis
740 1959 836 2023 unius
859 1959 1004 2042 corporis
1028 1962 1147 2023 extent.

326 2066 413 2152 quod
435 2088 536 2152 genus
559 2067 594 2129 in
617 2066 733 2150 quouis
757 2067 958 2131 animantum
980 2065 1101 2130 0100010
1124 2066 1222 2151 uolgo

327 2176 376 2238 est
400 2172 479 2237 odor
502 2176 534 2237 et
557 2171 688 2257 quidam
710 2172 799 2237 color
822 2175 854 2237 et
877 2194 990 2258 sapor,
1013 2176 1176 2237 ettamen
1199 2195 1237 2237 ex
1260 2173 1312 2238 1110

328 2280 477 2344 omnibus
501 2283 550 2343 est
573 2301 673 2344 unum
696 2280 873 2364 perfectum
897 2281 1040 2363 corporis
1065 2300 1214 2366 augurem

327 2387 373 2451 sic
396 2386 482 2451 calor
506 2390 602 2471 atque
625 2408 679 2451 001
702 2391 735 2452 01
757 2387 848 2452 00011
871 2409 962 2452 caeca
985 2391 1130 2470 potestas

326 2494 429 2558 mixta
451 2497 560 2557 creant
582 2516 680 2558 unam
702 2499 865 2580 naturam,
888 2498 920 2558 et
942 2493 1073 2558 mobilis
1096 2494 1153 2558 illa

327 2601 391 2685 uis,
413 2601 531 2664 initum
553 2604 661 2665 motus
684 2601 725 2665 ab
750 2624 784 2666 00
808 2623 889 2685 quae
912 2600 1028 2665 diuidit
1051 2600 1140 2688 ollis,

327 2708 461 2772 sensifer
483 2708 568 2771 unde
592 2707 696 2773 oritur
718 2709 860 2792 primum
882 2729 940 2791 per
963 2707 1087 2771 uiscera
1109 2711 1226 2772 motus.

326 2837 401 2879 0010
424 2815 552 2898 penitus
576 2837 726 2898 prorsum
748 2815 829 2880 latet
851 2815 930 2878 haec
951 2818 1068 2878 natura
1092 2815 1282 2902 subestque,

325 2943 384 2986 nec
406 2921 509 3006 magis
532 2921 599 2985 hac·
614 2922 698 2986 infra
722 2922 926 3006 quicquamst
949 2922 984 2984 in
1007 2942 1140 3005 corpore
1162 2927 1290 3010 nostro,

327 3033 424 3113 atque
448 3028 554 3092 anima
577 3032 626 3092 est
649 3029 774 3093 animae
796 3050 953 3112 proporro
977 3028 1080 3092 totius
1103 3030 1181 3113 ipsa.

327 3135 413 3220 quod
436 3156 537 3220 genus
560 3136 596 3198 in
616 3136 739 3200 nostris
762 3135 915 3200 membris
939 3139 971 3200 et
995 3156 1128 3219 corpore
1151 3139 1223 3202 toto

326 3243 428 3307 mixta
450 3242 554 3307 latens
578 3243 677 3307 animi
699 3243 750 3307 uis
774 3246 824 3307 est
847 3244 1034 3328 animaeque
1057 3247 1216 3331 potestas,

327 3350 515 3432 corporibus
540 3351 615 3434 quia
638 3350 675 3414 de
698 3350 807 3434 paruis
830 3350 1004 3434 paucisque
1027 3355 1179 3436 creatast‚

328 3456 374 3520 sic
396 3456 458 3519 tibi
480 3457 621 3522 nominis
643 3457 722 3521 haec
746 3478 858 3540 expers
882 3457 946 3541 uis,
969 3456 1054 3521 facta
1076 3449 1216 3522 minutis

217 3581 269 3630 280
329 3562 531 3649 corporibus,
552 3562 632 3628 latet
657 3567 753 3648 atque
776 3564 901 3628 animae
924 3564 1017 3646 quasi
1039 3564 1142 3628 totius
1165 3565 1238 3648 ipsa

325 3673 517 3754 proporrost
540 3670 645 3734 anima
669 3673 701 3734 et
723 3670 906 3735 dominatur
929 3691 1061 3753 corpore
1084 3674 1164 3735 toto.

328 3776 488 3840 consimili
510 3777 635 3840 ratione
657 3782 818 3842 necessest
841 3781 957 3842 uentus
981 3781 1014 3841 et
1036 3799 1090 3842 aer

329 3887 361 3949 et
383 3883 470 3947 calor
492 3883 577 3947 inter
600 3905 634 3947 se
657 3884 789 3969 uigeant
812 3883 985 3948 commixta
1006 3906 1064 3967 per
1087 3888 1191 3971 artus,

328 3995 424 4075 atque
448 3990 519 4055 aliis
544 3991 630 4055 aliud
653 3991 758 4056 subsit
780 3991 883 4075 magis
908 3990 1122 4077 emineatque‚

217 4116 269 4165 285
327 4102 364 4163 ut
388 4097 538 4183 quiddam
560 4098 631 4163 fieri
653 4098 800 4163 uideatur
824 4097 864 4161 ab
888 4097 1038 4161 omnibus
1061 4120 1175 4185 unum,

327 4229 367 4270 ne
390 4205 477 4270 00101
500 4227 536 4270 ac
559 4209 675 4270 uentus
699 4227 843 4270 seorsum
867 4226 1074 4289 seorsumque
1096 4209 1241 4290 potestas

328 4312 410 4377 aeris
433 4312 626 4377 interemant
649 4335 778 4378 sensum
800 4310 991 4395 diductaque
1015 4311 1152 4377 soluant.
1175 4353 1219 4360 —

330 4422 379 4483 est
402 4419 497 4483 etiam
520 4419 607 4483 calor
628 4420 684 4484 ille
707 4420 827 4505 animo,
850 4441 945 4502 quem
969 4419 1082 4506 sumit,
1103 4421 1139 4483 in
1160 4421 1208 4484 ira

328 4547 401 4589 cum
422 4526 572 4591 feruesoit
595 4530 688 4592 etex
712 4525 812 4591 oculis
835 4525 933 4590 micat
956 4525 1083 4590 acribus
1107 4526 1214 4612 ardor3

290 4723 342 4771 254
360 4720 393 4771 ut
410 4720 623 4788 010000111-
643 4718 765 4773 animae:
784 4720 854 4774 cert.
869 4718 911 4771 R²
967 4724 1019 4772 255
1039 4719 1159 4774 culuias:
1178 4721 1248 4774 verb.
1263 4719 1305 4772 B²
1357 4727 1408 4774 257
1428 4721 1494 4776 reti-

218 4806 330 4843 nemus:
345 4790 465 4843 001101
516 4791 735 4846 266010001οΒ;
749 4790 906 4844 111001οΑ0
954 4796 1004 4844 267
1016 4790 1091 4845 color
1100 4792 1209 4845 Lamb:
1226 4790 1303 4844 calor
1346 4792 1494 4846 272001101-

218 4861 303 4915 farer:
322 4862 392 4915 aerb.
407 4860 448 4912 A²
510 4868 561 4917 289
580 4863 721 4917 famescat
736 4863 763 4916 A
782 4863 840 4916 -cet
853 4860 939 4916 A'B:
959 4863 1128 4916 001111-
1148 4861 1258 4916 acribus
1272 4862 1382 4917 Laced:
1403 4862 1494 4918 acrius
