3442 5574
638 416 745 472 LIBER
764 417 926 472 TERTIUS.

253 586 303 647 est
327 585 359 646 et
382 582 501 667 frigide
523 581 640 668 multo,
663 604 769 648 comes
792 582 989 668 formidinis,
1011 605 1104 667 eure,

253 711 334 774 quae
358 689 420 754 ciet
442 689 611 754 horrorem
634 688 787 755 membris
811 694 843 754 et
866 691 1006 754 00101111
1029 693 1132 775 11111ος

253 799 303 860 est
327 795 424 860 etiem
447 817 575 880 quoque
598 797 704 880 pacati
728 800 832 861 status
856 796 938 860 seris
962 796 1016 861 ille
1023 850 1032 883 ,

252 907 381 987 pectore
404 903 581 987 tranquillo
606 903 662 988 qui
684 903 723 967 fit
746 903 901 987 uoltuque
926 924 1045 970 sereno,

253 1010 308 1074 sed
331 1010 426 1075 calidi
448 1010 522 1094 plus
546 1014 595 1074 est
618 1010 684 1075 illis
709 1010 826 1094 quibus
850 1009 1052 1075 1011100111

254 1118 469 1202 iracundaque
492 1139 582 1182 mens
605 1117 698 1182 facile
722 1117 900 1182 efferuescit
923 1119 958 1181 in
980 1117 1042 1200 111;

253 1247 317 1309 quo
341 1246 457 1311 genere
479 1225 514 1289 in
536 1225 650 1309 primis
673 1226 724 1289 uis
747 1228 796 1289 est
818 1225 962 1288 uiolenta
983 1224 1128 1309 leonum,

253 1336 386 1416 pectora
409 1332 465 1416 qui
488 1331 621 1395 fremitu
643 1336 799 1415 rumpunt
822 1330 1010 1415 plerumque
1034 1334 1198 1416 gementes

253 1460 312 1503 nec
335 1461 446 1523 cepere
469 1439 590 1503 irarum
613 1437 730 1503 fluctus
753 1439 788 1502 in
810 1442 939 1522 pectore
961 1442 1107 1522 possunt.

254 1550 289 1610 at
311 1549 448 1611 uentose
469 1547 574 1632 magis
598 1567 766 1610 ceruorum
788 1545 905 1630 frigida
928 1567 1017 1610 mens
1041 1549 1091 1610 est

147 1674 152 1686 ·
258 1656 290 1717 et
313 1653 435 1737 gelidas
458 1653 554 1718 citius
577 1676 634 1737 per
656 1653 780 1717 uiscera
802 1653 942 1717 concitet
966 1673 1074 1738 cures,

255 1783 337 1844 quse
359 1760 533 1825 tremulum
556 1761 679 1824 faciunt
701 1759 853 1824 membris
878 1759 1014 1824 existere
1037 1762 1105 1822 mot
1128 1780 1168 1821 m.

256 1871 429 1932 11111111
452 1867 552 1932 boum
573 1867 700 1952 placido
723 1867 827 1952 magis
852 1889 923 1931 aere
946 1866 1044 1951 uiuit,

255 1997 313 2040 nec
335 1975 432 2039 nimis
456 1975 516 2039 1111
539 1974 593 2039 fex
616 1997 770 2058 umquem
793 1973 922 2038 subdita
944 1973 1047 2058 percit

253 2082 389 2168 fumido,
412 2081 598 2146 suffundens
622 2103 732 2146 caecae
755 2081 902 2166 caliginis
926 2080 1088 2164 umbram,

255 2211 314 2253 nec
337 2189 451 2274 gelidis
475 2192 583 2273 torpet
606 2189 680 2253 telis
702 2189 824 2272 perfixa
847 2188 978 2272 pauoris
984 2240 993 2273 ,

255 2296 495 2380 interutrosque
517 2295 626 2360 *sites
650 2317 761 2360 ceruos
786 2317 964 2379 saeuosque
986 2294 1104 2359 leones.

256 2403 302 2468 sic
324 2404 492 2468 hominum
515 2424 616 2489 genus
640 2409 702 2468 est:
727 2403 875 2488 quamuis
899 2402 1044 2467 doctrina
1067 2401 1187 2486 politos

256 2511 434 2575 constituet
456 2512 578 2594 pariter
603 2511 773 2598 quosdam,
795 2514 904 2575 tumen
926 2510 983 2574 ille
1005 2509 1160 2592 relinquit

254 2621 391 2682 naturae
413 2619 567 2703 cuiusque
591 2619 689 2683 enimi
713 2618 852 2703 uestigia
875 2617 987 2702 prime.

255 2747 314 2789 nec
336 2725 489 2790 radicitus
513 2725 609 2790 euelli
631 2725 716 2790 11111
738 2747 834 2809 posse
856 2725 1082 2809 putandumst,

257 2833 336 2916 quin
359 2832 535 2916 procliuius
557 2832 611 2897 hic
633 2833 698 2897 iras
722 2833 869 2897 decurrat
892 2831 932 2895 ed
955 2831 1053 2916 acris,

257 2939 311 3003 ille
334 2943 422 3003 metu
446 2939 541 3004 citius
564 2940 661 3023 paulo
685 2943 875 3025 temptetur,
898 2942 931 3002 11
954 2938 1009 3002 1110

254 3047 371 3110 tertius
395 3047 530 3131 occipiat
554 3047 709 3131 quaedam
731 3047 919 3112 clementius
943 3067 1054 3129 aequo.

255 3153 352 3237 inque
376 3154 448 3218 aliis
471 3154 567 3218 rebus
591 3153 703 3218 multis
727 3154 854 3218 differre
876 3157 1037 3218 necessest

255 3263 388 3325 naturas
410 3261 579 3326 hominum
601 3261 707 3325 uarias
730 3283 899 3344 moresque
923 3260 1080 3344 sequacis:

257 3390 395 3451 quorum
419 3389 478 3453 ego
501 3390 587 3433 nunc
608 3389 733 3452 nequeo
757 3389 864 3432 coecas
889 3389 1045 3452 exponere
1068 3389 1180 3431 causas

256 3496 315 3540 nec
338 3477 477 3560 reperire
500 3475 677 3559 figurarum
699 3477 750 3538 tot
772 3474 917 3558 nomina,
941 3477 1020 3558 quot
1043 3477 1120 3537 sunt

256 3582 439 3671 principiis,
460 3581 544 3647 unde
566 3580 644 3645 hoec
667 3581 771 3646 oritur
795 3583 954 3646 uericntia
976 3602 1091 3645 rerum.

254 3689 335 3753 illud
357 3691 393 3754 in
414 3690 466 3754 his
490 3690 586 3754 rebus
609 3688 703 3753 uideo
726 3688 855 3753 firmare
878 3692 1021 3774 potesse,

256 3818 357 3880 usque
380 3799 458 3862 odeo
481 3801 670 3861 naturarum
693 3795 833 3880 uestigia
854 3796 959 3880 linqui

255 3903 403 3990 paruolo,
425 3925 507 3987 quoe
528 3907 667 3988 nequeat
690 3904 774 3967 11110
798 3902 955 3987 depellere
977 3902 1087 3989 nobie,

256 4014 293 4074 ut
314 4009 362 4073 nil
384 4009 527 4093 inpediet
551 4010 682 4095 dignum
704 4009 753 4073 dis
777 4009 890 4095 degere
913 4009 1024 4074 uitem.

300 4114 388 4180 Haec
409 4116 512 4201 igitur
534 4121 651 4181 11111111
673 4121 801 4181 tenetur
824 4139 956 4200 corpore
980 4116 1020 4180 ab
1045 4117 1146 4202 omni,

256 4225 390 4308 ipsaque
413 4224 557 4308 corporis
581 4227 630 4288 est
653 4228 763 4288 custos
787 4228 820 4288 et
842 4245 938 4288 causa
961 4224 1089 4288 salutis:

148 4347 198 4395 325
256 4352 332 4394 nom
355 4330 578 4395 communibus
601 4331 687 4394 inter
711 4352 745 4395 se
768 4331 928 4395 radicibus
951 4330 1098 4416 haerent,

256 4459 314 4502 nec
337 4437 405 4502 sine
429 4437 568 4522 pernicie
591 4437 701 4501 diuelli
724 4459 819 4520 posse
841 4438 999 4502 uidentur.

218 4601 268 4648 291
288 4593 455 4650 inconeitat:
474 4596 543 4650 oerb.
559 4594 646 4648 A²B²
718 4601 769 4648 293
787 4599 911 4664 pertore:
935 4596 1004 4650 verb.
1019 4594 1061 4647 A'
1075 4627 1108 4634 -
1128 4595 1159 4649 fit
1178 4593 1239 4661 qui:
1263 4596 1332 4648 oerb.
1349 4595 1425 4648 Mar.

147 4673 198 4721 303
222 4665 314 4720 minus
333 4665 388 4721 iro:
411 4668 535 4721 0111111.
609 4671 660 4720 304
684 4665 807 4720 fumidos
826 4666 898 4737 (des
917 4668 955 4736 B)
975 4665 1132 4720 effundens:
1156 4667 1280 4720 0011111.
1304 4698 1338 4705 -
1366 4684 1425 4718 um-

146 4739 227 4792 bram
241 4738 308 4792 AN
322 4739 423 4792 umbre
437 4739 465 4791 B
519 4743 571 4790 305
590 4736 715 4806 uaporis:
738 4740 807 4793 verb.
823 4739 899 4792 Mar.
955 4744 1006 4792 300
1026 4737 1100 4791 inter
1117 4739 1250 4805 utrosque
1269 4735 1351 4790 sitast
1364 4737 1425 4804 Au,

147 4809 355 4877 interutrosque
378 4809 461 4863 sitast
479 4810 594 4878 Bricper
666 4815 716 4863 309
740 4812 854 4863 nature:
875 4811 999 4864 011111.
1073 4814 1125 4862 319
1148 4808 1281 4862 formare:
1301 4810 1370 4864 verb.
1389 4811 1425 4864 It.

148 4887 198 4934 321
218 4880 336 4949 niqueet
354 4879 456 4952 (iniqu
474 4881 525 4951 B):
545 4881 614 4935 verb.
629 4880 671 4933 A²
689 4912 723 4920 -
742 4880 824 4935 nobis
842 4882 968 4938 Lachm:
987 4878 1090 4950 noctis3
1110 4879 1194 4935 dictis
1213 4881 1290 4934 Mar.
