3442 5574
207 433 209 437 ,
322 365 366 429 20
593 442 595 447 Α
614 366 645 420 Τ.
664 364 819 420 LUCRETI
838 365 921 420 CARI
939 365 988 420 DE
1007 366 1138 425 RERUM
1156 366 1308 422 NATURA

432 527 517 612 quod
541 529 569 594 si
591 529 675 596 forte
697 533 793 614 putas
816 529 1013 595 extrinsecus
1035 530 1233 596 insinuatam

430 658 616 719 permanare
639 637 778 703 animam
800 638 895 702 nobis
918 660 975 722 per
997 639 1141 703 membra
1164 639 1281 726 solere,

321 758 372 806 700
430 745 522 807 tanto
546 743 665 828 quique
688 745 791 830 magis
814 766 886 809 cum
909 766 1042 828 corpore
1064 744 1136 809 fusa
1154 746 1287 830 peribit:

430 850 516 934 quod
538 855 704 934 permanat
727 853 826 939 enim,
849 852 1052 939 dissoluitur,
1074 852 1187 917 interit
1209 874 1300 939 crgo:

430 956 620 1040 dispertitur
642 959 728 1024 enim
749 981 807 1043 per
829 959 936 1024 caulas
960 959 1104 1044 corporis
1129 960 1241 1025 omnis.

428 1068 466 1128 ut
489 1064 595 1152 cibus,
616 1066 651 1130 in
673 1066 817 1131 membra
839 1070 936 1151 atque
960 1069 1050 1131 artus
1073 1088 1146 1130 cum
1169 1066 1289 1131 diditur
1312 1068 1432 1155 omnis,

429 1170 563 1255 disperit
587 1176 683 1257 atque
707 1173 802 1237 aliam
824 1177 974 1237 naturam
998 1172 1118 1237 sufficit
1141 1195 1180 1237 ex
1204 1196 1251 1261 se,

428 1277 474 1342 sic
496 1279 604 1345 anima
627 1284 723 1366 atque
746 1280 886 1365 animus,
910 1278 1057 1364 quamuis
1080 1279 1209 1366 integra
1232 1303 1341 1347 recens
1364 1283 1399 1346 iu

429 1406 544 1470 corpus
568 1391 659 1474 eunt,
680 1391 789 1452 tamen
809 1387 845 1452 in
866 1385 1024 1452 manando
1048 1387 1286 1476 dissoluuntur,

428 1492 504 1557 dum
527 1494 619 1577 quasi
641 1517 698 1578 per
721 1494 827 1559 caulas
851 1494 955 1558 omnis
979 1493 1133 1559 diduntur
1154 1494 1189 1559 in
1212 1499 1302 1560 artus

427 1600 602 1683 particulae
625 1601 743 1685 quibus
766 1600 845 1666 haec
868 1600 967 1665 animi
988 1604 1105 1666 natura
1128 1605 1269 1689 creatur,

428 1728 509 1790 quae
532 1708 674 1773 nuncin
695 1711 809 1772 nostro
833 1706 1018 1772 dominatur
1041 1729 1173 1792 corpore
1195 1713 1272 1774 nata

428 1834 466 1878 ex
488 1814 545 1880 illa
569 1836 649 1900 quae
672 1818 743 1879 tum
765 1815 862 1898 periit
884 1815 1005 1898 partita
1027 1836 1085 1899 per
1108 1820 1205 1881 artus.

426 1927 623 2007 quapropter
645 1943 749 2006 neque
770 1922 872 1986 natali
894 1923 1023 2006 priuata
1045 1921 1174 1988 uidetur

430 2051 499 2094 esse
522 2030 573 2095 die
595 2033 712 2094 natura
734 2029 859 2094 animae
881 2051 939 2094 nec
960 2029 1083 2094 funeris
1107 2052 1228 2114 expers.

470 2135 598 2202 Semina
620 2139 785 2220 praeterea
806 2136 1012 2223 linquontur,
1034 2159 1147 2224 neone,
1169 2139 1288 2203 animai

424 2244 614 2328 corporein
579 2242 806 2308 mexanimo?
842 2243 977 2328 quod
952 2265 979 2308 s1
1002 2189 1224 2334 lincunturet
1209 2246 1372 2332 tinsunt,

423 2349 504 2415 haut
527 2351 588 2416 erit
610 2355 648 2416 ut
669 2351 785 2415 merito
750 2349 990 2415 tinmortalis
1014 2352 1119 2434 possit
1105 2351 1268 2440 thaberi,

423 2458 571 2543 partibus
595 2458 722 2524 amissis
746 2456 899 2543 quoniam
920 2457 1023 2522 libata
1045 2459 1190 2524 recessit.

424 2566 475 2630 sin
496 2565 544 2631 ita
563 2567 685 2631 sincera
709 2587 726 2630 1
748 2565 901 2630 membris
925 2564 1033 2629 ablata
1055 2565 1215 2654 profugit,
1312 2602 1313 2606 =

422 2676 459 2736 ut
481 2673 587 2738 nullas
610 2673 712 2758 partis
734 2673 770 2736 in
792 2694 926 2757 corpore
948 2671 1080 2757 liquerit
1099 2694 1138 2737 11
1161 2695 1209 2760 se,

423 2780 507 2845 uude
529 2779 683 2846 cadauera
705 2780 850 2845 rancenti
872 2779 938 2844 iam
960 2779 1083 2844 uiscere
1104 2802 1229 2861 uermes

423 2887 584 2975 expirant,
607 2892 703 2973 atque
726 2887 810 2951 unde
833 2887 1032 2951 animantum
1055 2887 1147 2971 copia
1169 2891 1261 2953 tanta

422 3016 498 3059 exos
522 2999 554 3060 11
577 2994 749 3080 exsanguis
771 2993 913 3058 tumidos
935 2993 1128 3078 perfluctuat
1151 2996 1263 3060 artus?

422 3102 508 3186 quod
531 3101 559 3166 11
581 3101 665 3165 forte
688 3100 811 3166 animas
835 3101 1032 3166 extrinsecus
1057 3101 1215 3166 insinuari

421 3208 585 3274 uermibus
609 3211 641 3272 11
663 3207 773 3292 priuas
797 3208 833 3273 in
854 3231 988 3293 corpora
1010 3230 1105 3292 posse
1127 3210 1237 3274 uenire

421 3316 522 3381 credis
545 3338 603 3381 nec
625 3320 756 3401 reputas
779 3337 835 3381 cur
857 3315 947 3381 milia
969 3315 1072 3380 multa
1095 3317 1274 3382 animarum

422 3423 615 3488 conueniant
638 3422 722 3488 unde
745 3445 809 3488 una
831 3422 1012 3508 recesserit,
1034 3421 1096 3487 hoc
1118 3426 1226 3488 tamen
1249 3428 1297 3489 est
1320 3428 1357 3488 ut

421 3531 637 3613 quaerendum
659 3530 808 3595 uideatur
830 3534 863 3595 et
885 3530 921 3594 in
943 3529 1113 3594 discrimen
1135 3531 1307 3616 agendum,

420 3640 531 3701 utrum
553 3637 682 3702 tandem
706 3638 830 3702 animae
853 3640 1012 3702 uenentur
1036 3637 1157 3702 semina
1180 3660 1324 3722 quaeque

421 3744 669 3809 uermiculorum
692 3744 844 3828 ipsaeque
867 3743 930 3808 sibi
953 3743 1150 3809 fabricentur
1173 3744 1230 3809 ubi
1254 3745 1334 3831 sint,

421 3873 462 3916 au
485 3851 577 3936 quasi
600 3850 788 3947 corporibus
811 3850 961 3934 perfectis
984 3850 1197 3916 insinuentur.

420 3962 454 4022 at
475 3980 579 4043 neque
602 3980 657 4023 cur
680 3958 799 4022 faciant
821 3957 911 4041 ipsae
933 3979 997 4042 qua
1019 3979 1094 4022 reue
1116 3958 1264 4024 laborent

420 4065 522 4130 dicere
546 4065 737 4150 suppeditat.
783 4064 1007 4150 nequeenim,
1031 4065 1099 4129 sine
1122 4086 1255 4150 corpore
1278 4088 1351 4131 cum
1375 4070 1465 4152 sunt,

420 4172 575 4237 sollicitae
598 4173 738 4238 uolitant
760 4172 883 4236 morbis
906 4171 1045 4256 alguque
1068 4171 1228 4256 fameque:

419 4300 535 4363 corpus
558 4279 643 4343 enim
666 4279 770 4365 magis
792 4279 844 4343 his
867 4277 958 4342 uitiis
981 4277 1084 4342 adfine
1106 4277 1248 4366 laborat,

419 4388 452 4450 et
475 4386 559 4451 mala
580 4386 683 4452 multa
705 4387 831 4452 animus
855 4387 989 4470 contage
1011 4385 1159 4472 fungitur
1183 4387 1259 4452 eius.

310 4508 360 4557 735
421 4493 476 4559 sed
498 4497 607 4559 tamen
628 4493 680 4558 his
705 4499 774 4559 esto
799 4493 946 4578 quamuis
969 4493 1072 4559 facere
1094 4493 1174 4558 utile
1198 4516 1313 4579 corpus

380 4615 578 4672 702enimlt:
546 4624 659 4688 tergo
710 4622 762 4670 705
776 4631 903 4684 quamvis
918 4615 973 4668 eet
988 4617 1057 4670 ocrb.
1068 4617 1190 4671 11111-
1155 4615 1230 4670 -in
1240 4634 1293 4687 erp.
1305 4617 1381 4671 Mar.
1439 4622 1490 4671 710
1501 4619 1582 4672 tunc·

307 4688 376 4741 verb.
388 4688 424 4742 11
480 4693 530 4742 717
546 4688 656 4744 sincera
670 4706 704 4743 ex
717 4688 822 4742 Faber:
842 4683 958 4738 sinceris
1013 4691 1221 4744 1111111111
1277 4693 1328 4742 119
1343 4687 1448 4743 uicere:
1463 4690 1533 4744 11111.
1547 4690 1583 4744 11.

303 4758 522 4899 Ξ237ἐ111ί1ι111ἑὶ111
541 4760 593 4815 Βῆ
617 4760 777 4832 priuasi—
796 4772 911 4827 corpore
930 4755 957 4808 A
1048 4761 1099 4811 732
1123 4759 1294 4815 sollicitatae
1312 4759 1392 4812 A-
1417 4760 1484 4831 algu
1508 4761 1584 4817 Non.
