3442 5574
653 403 762 457 LIBER
780 403 941 459 TERTIUS.

267 569 437 656 plagarum
460 569 536 653 quia
560 570 636 632 sunt
659 568 802 652 expertia
825 569 909 633 sicut
931 568 1071 652 inanest,

268 675 355 760 quod
377 678 486 740 manet
504 675 662 740 intactum
683 696 787 759 neque
810 675 850 740 ab
873 674 941 740 ictu
962 675 1111 762 iungitur
1133 676 1249 764 hilum,

268 785 324 848 aut
347 782 445 847 etiam
468 782 544 867 quia
565 781 656 847 nulla
678 781 742 846 loci
766 782 809 846 sit
832 783 923 867 copie
946 783 1078 868 circum,

270 911 333 974 quo
358 889 451 975 quasi
474 911 525 953 res
548 887 674 972 possint
697 887 856 952 discedere
878 889 1088 978 dissoluique‚

271 996 366 1061 sicuti
389 1018 587 1061 summarum
610 999 765 1060 summast
787 999 929 1061 aeterna:
951 1018 1055 1082 neque
1078 1002 1168 1063 extra

267 1103 340 1188 quis
361 1103 452 1168 locus
476 1106 526 1167 est
550 1124 612 1187 quo
637 1101 820 1189 diffugiant,
841 1123 945 1188 neque
968 1125 1103 1189 corpora
1126 1109 1203 1170 sunt
1227 1128 1310 1190 quac

266 1210 393 1294 possint
414 1210 553 1275 incidere
575 1213 608 1274 et
630 1209 737 1273 ualida
760 1209 936 1275 dissoluere
958 1211 1062 1297 plaga.

270 1317 357 1402 quod
379 1317 407 1382 si
429 1317 513 1382 forte
536 1316 608 1381 idco
630 1317 735 1403 magis
757 1316 940 1382 inmortalis
962 1317 1155 1405 habendast‚

269 1424 355 1510 quod
378 1424 533 1489 vitalibus
557 1424 597 1489 ab
621 1424 718 1490 rebus
741 1424 866 1488 munita
889 1427 1030 1511 tenetur,

268 1536 324 1597 aut
347 1533 512 1616 quianon
535 1532 670 1597 ueniunt
693 1532 825 1596 omnino
849 1530 952 1596 aliena
975 1532 1102 1617 salutis,

267 1644 323 1705 aut
347 1639 422 1724 quia
445 1660 527 1723 quae
549 1639 684 1703 ueniunt
707 1638 815 1722 aliqua
837 1637 962 1703 ratione
984 1640 1136 1704 recedunt

268 1747 361 1831 pulsa
384 1747 474 1831 prius
499 1768 596 1831 quarn
619 1745 696 1830 quid
717 1749 854 1810 noceant
877 1744 996 1810 sentire
1019 1769 1186 1830 queamus:

266 1858 394 1938 praeter
417 1854 502 1918 enim
525 1875 622 1938 quam
645 1852 731 1938 quod
754 1852 876 1917 morbis
900 1875 972 1918 cum
994 1855 1138 1938 corporis
1162 1858 1284 1940 acgret‚

156 1978 207 2027 825
269 1962 399 2027 aduenit
421 1961 455 2026 id
478 1960 564 2045 quod
587 1982 657 2026 11111
679 1961 718 2025 de
740 1960 837 2026 rebus
861 1982 954 2044 saepe
977 1961 1095 2026 futuris

266 2073 405 2134 macerat
428 2068 526 2153 inque
548 2071 637 2132 metu
659 2068 742 2132 male
763 2067 862 2134 habet
885 2067 1034 2153 curisque
1055 2069 1186 2155 fatigat,

263 2176 511 2260 praeteritisque
533 2174 788 2267 maleadmissis
812 2178 941 2258 peecata
963 2175 1154 2241 remordent.

266 2283 345 2348 adde
367 2283 510 2348 furorem
534 2281 633 2346 animi
655 2281 822 2366 proprium
846 2286 942 2366 atquc
965 2282 1087 2347 obliuia
1109 2305 1231 2369 rerum,

264 2391 342 2456 adde
367 2390 453 2476 quod
475 2391 510 2454 in
531 2390 642 2475 nigras
665 2387 806 2475 lethargi
828 2390 986 2475 mergitur
1008 2389 1118 2453 undas.

310 2498 369 2564 Nil
390 2498 492 2584 igitur
514 2518 602 2561 mors
625 2499 675 2561 cst
698 2495 738 2560 ad
759 2518 819 2561 nos
842 2517 946 2580 neque
967 2496 1108 2581 pertinet
1131 2496 1248 2583 hilum,

267 2604 525 2690 quandoquidem
546 2608 663 2669 natura
686 2604 784 2668 animi
807 2604 954 2668 mortalis
977 2602 1122 2668 habetur.

265 2718 297 2778 et
320 2712 410 2778 uelut
433 2714 507 2775 ente
530 2715 600 2776 acto
624 2710 672 2775 nil
694 2714 838 2794 tempore
861 2710 1019 2775 sensimus
1044 2711 1145 2797 aegri,

266 2820 306 2886 ad
328 2817 568 2903 confligendum¹
587 2817 793 2883 uenientibus
816 2817 957 2902 undique
980 2817 1110 2905 Poenis,

266 2928 373 2992 omnia
396 2948 468 2990 cum
491 2925 569 2990 belli
591 2925 717 3009 trepido
741 2946 894 2990 concussa
917 2925 1061 2989 tumultu

264 3033 395 3100 horrida
418 3036 637 3098 contremuere
660 3032 720 3097 sub
744 3031 819 3097 altis
843 3032 982 3097 aetheris
1002 3031 1082 3118 oris,

266 3142 301 3206 in
323 3140 485 3224 dubioque
507 3139 595 3204 fuere
617 3143 766 3204 utrorum
790 3139 829 3204 ad
851 3161 950 3225 regna
973 3138 1148 3204 cadendum

266 3247 415 3312 omnibus
437 3246 587 3311 humanis
607 3250 691 3310 esset
713 3250 862 3331 terraque
885 3247 1044 3333 merique,

265 3355 324 3438 sio,
346 3353 404 3418 ubi
426 3373 494 3417 non
516 3352 648 3439 erimus,
670 3375 743 3418 oum
765 3353 908 3437 corporis
932 3356 1029 3438 atque
1052 3354 1171 3418 animai

264 3460 434 3525 discidium
455 3459 567 3547 fuerit,
589 3460 706 3544 quibus
730 3481 747 3524 e
771 3481 881 3524 sumus
905 3461 1012 3524 uniter
1036 3461 1117 3548 apti,

266 3567 401 3653 11111111,
423 3565 504 3631 haut
525 3567 621 3631 nobis
645 3568 831 3652 quicquam,
853 3567 999 3650 quinon
1021 3568 1140 3633 erimus
1164 3571 1249 3654 tum,

264 3674 404 3739 accidere
428 3674 559 3738 omnino
582 3673 704 3758 poterit
727 3695 919 3758 sensumque
941 3697 1085 3761 mouere,

262 3804 329 3847 non
352 3782 380 3846 si
402 3785 489 3846 terra
511 3782 594 3845 mari
616 3780 803 3846 miscebitur
826 3783 858 3845 et
880 3803 968 3846 mare
991 3783 1087 3848 caelo.

264 3893 297 3954 11
320 3890 349 3954 11
371 3890 436 3954 iam
458 3893 572 3954 nostro
596 3889 695 3953 sentit
717 3888 755 3954 de
778 3910 912 3972 corpore
934 3893 1108 3974 postquam

263 3997 450 4061 distractast
474 3996 572 4060 animi
594 3999 711 4060 natura
735 3995 921 4079 animaeque
944 3999 1104 4085 potestas,

264 4103 312 4168 nil
334 4106 444 4168 tamen
466 4107 515 4169 est
538 4103 579 4168 ad
599 4125 675 4188 nos,
698 4102 754 4187 qui
776 4106 907 4185 comptu
929 4102 1144 4188 coniugioque

264 4211 409 4296 corporis
433 4214 530 4295 atque
553 4210 676 4275 animae
698 4209 904 4274 consistimus
928 4209 1034 4274 uniter
1058 4210 1133 4293 apti.

262 4339 336 4403 nec,
359 4317 388 4381 si
410 4317 577 4382 materiem
598 4320 744 4382 nostram
767 4315 933 4403 collegerit
956 4320 1043 4381 actas

263 4427 338 4508 post
363 4423 489 4488 obitum
512 4444 703 4507 rursumque
725 4422 884 4508 redegerit
906 4426 944 4487 ut
967 4423 1031 4488 sita
1053 4445 1139 4488 nunc
1162 4429 1225 4510 111,

224 4657 275 4707 816
295 4654 374 4707 extra
392 4652 419 4706 V
430 4656 496 4707 361:
516 4651 591 4705 exire
605 4651 632 4705 A
651 4651 728 4706 cxira
742 4653 770 4705 B
823 4656 874 4706 817
895 4655 999 4720 suntq:
1019 4653 1117 4723 ra'ctta'p
1135 4652 1161 4704 V
1172 4656 1228 4706 362
1286 4659 1429 4708 81411111-

153 4723 222 4778 bist:
241 4725 310 4779 cert.
325 4724 376 4778 Ac.
392 4756 426 4764 -
441 4721 544 4794 aegrit:
563 4725 632 4778 cert.
654 4724 813 4805 (1111111111)
871 4729 923 4778 826
942 4725 1076 4778 maceret:
1096 4724 1215 4778 1111111.
1276 4729 1327 4780 829
1347 4725 1427 4780 addi:

152 4797 222 4851 corb.
245 4795 288 4849 A’
394 4800 446 4849 835
474 4794 530 4849 oris
559 4795 630 4861 Gifi:
660 4811 735 4848 aurrs
757 4796 785 4849 A
813 4812 895 4850 auras
918 4796 946 4850 B
1036 4800 1088 4850 844
1112 4794 1274 4851 distractas:
1298 4798 1367 4852 cert.
1387 4796 1429 4851 B'

155 4872 205 4922 847
224 4865 373 4922 materiam
391 4866 468 4935 AN,
485 4883 542 4921 -em
560 4867 588 4921 B
