3442 5574
664 366 773 421 LIBER
790 366 952 422 TERTIUS.

278 553 314 596 ac
336 530 471 615 pedibus
495 530 596 596 salsas
620 530 728 596 docuit
751 553 847 616 super
869 531 916 596 ire
937 531 1068 596 lacunas

278 642 310 703 et
333 638 505 703 contemsit
528 638 619 722 equis
642 636 803 702 insultans
826 660 991 702 murmura
1013 637 1121 724 ponti,

278 744 401 809 lumine
424 744 573 828 adempto
597 744 737 808 animam
759 743 951 809 moribundo
975 765 1107 828 corpore
1129 743 1222 808 fudit.

279 849 458 938 Scipiadas,
480 850 558 915 belli
580 849 716 937 fulmen,
739 847 945 936 Carthaginis
968 849 1098 938 horror,

278 979 352 1023 ossa
376 958 462 1023 dedit
485 961 590 1022 terrae
612 956 746 1041 proinde
769 979 806 1022 ac
828 956 929 1022 famul
951 957 1081 1022 infimus
1104 961 1197 1022 esset.

277 1064 356 1129 adde
379 1068 558 1150 repertores
582 1063 801 1130 doctrinarum
823 1068 920 1148 atque
941 1063 1101 1150 leporum,

279 1171 357 1236 adde
380 1171 627 1237 Heliconiadum
650 1169 798 1256 comites3
821 1192 959 1255 quorum
981 1193 1065 1235 unus
1088 1170 1249 1236 Homerus

278 1282 404 1362 sceptra
426 1279 552 1364 potitus
575 1277 684 1342 eadem
707 1276 780 1340 aliis
804 1277 930 1360 sopitus
954 1278 1102 1362 quietest.

275 1384 411 1469 denique
433 1384 653 1469 Democritus,
676 1387 849 1468 postquam
871 1387 999 1449 matura
1021 1388 1167 1450 uetustas

277 1491 443 1556 admonuit
465 1513 622 1557 memores
644 1494 752 1555 motus
775 1489 981 1575 languescere
1003 1492 1135 1579 mentis,

277 1601 393 1682 sponte
416 1620 475 1663 sua
496 1598 564 1663 leto
586 1600 684 1682 caput
709 1596 826 1662 obuius
850 1597 970 1680 optulit
995 1598 1071 1682 ipse.

274 1707 344 1790 ipse
366 1705 527 1791 Epicurus
551 1705 621 1770 obit
643 1704 776 1769 decurso
800 1703 921 1768 lumine
943 1704 1044 1793 uitae,

277 1813 333 1897 qui
356 1832 458 1898 genus
480 1812 657 1877 humanum
680 1810 810 1897 ingenio
835 1812 1001 1895 superauit
1023 1816 1056 1877 et
1079 1813 1182 1878 omnis

275 1919 458 2006 restincxit,
481 1918 591 1984 stellas
615 1922 746 1983 exortus
769 1921 806 1982 ut
830 1917 990 1983 aetherius
1015 1919 1072 1984 sol

278 2029 317 2090 tu
339 2047 415 2091 vero
438 2025 602 2090 dubitabis
625 2028 658 2089 et
680 2025 888 2111 indignabere
912 2026 1023 2091 obire?

275 2136 404 2198 mortua
426 2133 478 2197 cui
500 2132 602 2197 uitast
624 2154 725 2217 prope
747 2132 812 2197 iam
834 2133 912 2197 uiuo
935 2136 1032 2217 atque
1055 2134 1192 2223 uidenti,

275 2241 332 2325 qui
356 2261 469 2305 somno
492 2243 619 2324 partem
641 2240 794 2304 maiorem
818 2239 958 2304 conteris
982 2241 1068 2328 aeui,

274 2350 308 2411 et
330 2346 470 2433 vigilans
493 2346 604 2411 stertis
627 2367 686 2411 nec
709 2345 834 2411 somnia
857 2368 983 2411 cernere
1006 2369 1125 2433 cessas,

276 2453 513 2538 sollicitamque
536 2453 621 2539 geris
644 2474 736 2518 cassa
757 2453 929 2517 formidine
950 2457 1107 2542 mentem,

275 2582 333 2626 nee
356 2561 495 2646 reperire
517 2564 610 2643 potes
634 2559 697 2624 tibi
720 2559 798 2644 quid
821 2561 865 2624 sit
889 2582 982 2645 saepe
1005 2561 1097 2649 mali,
1118 2584 1191 2627 cum

275 2669 384 2734 ebrius
407 2667 533 2754 urgeris
556 2667 669 2732 multis
693 2668 791 2732 miser
813 2667 954 2751 undique
976 2668 1061 2733 curis

276 2761 373 2862 atque
396 2775 494 2839 animi
517 2775 640 2839 incerto
664 2773 796 2838 fluitans
819 2794 927 2838 errore
949 2774 1100 2860 uagaris?

320 2880 355 2947 Si
377 2883 511 2966 possent
532 2879 694 2967 homines,
716 2880 850 2965 proinde
873 2902 910 2945 ac
933 2881 1051 2946 sentire
1074 2882 1225 2949 uidentur

274 2989 400 3076 pondus
423 2988 527 3053 inesse
551 2987 672 3074 animo,
695 2986 781 3071 quod
804 3008 838 3051 se
861 2988 1023 3072 grauitate
1045 2989 1175 3078 fatiget,

275 3120 293 3162 0
316 3095 434 3182 quibus
456 3094 490 3159 id
512 3094 570 3159 fiat
593 3093 698 3159 causis
722 3115 849 3178 quoque
871 3114 1003 3159 noscere
1026 3099 1058 3160 et
1081 3096 1164 3161 unde

275 3206 368 3268 tanta
390 3202 468 3267 mali
490 3204 656 3286 tamquam
677 3199 779 3265 moles
802 3200 838 3264 in
859 3203 989 3283 pectore
1011 3206 1150 3290 constet,

274 3310 355 3376 haut
377 3310 425 3374 ita
447 3309 550 3374 uitam
572 3310 718 3394 agerent,
740 3309 777 3371 ut
799 3328 884 3371 nuno
906 3307 1095 3392 plerumque
1116 3310 1263 3376 uidemus

275 3416 353 3503 quid
376 3417 440 3481 sibi
463 3416 599 3501 quisque
622 3414 703 3479 uelit
724 3414 860 3501 nescire,
883 3417 915 3478 et
939 3437 1090 3499 quaerere
1114 3438 1239 3501 semper

275 3527 471 3589 commutare
493 3522 614 3609 locum,
637 3521 730 3606 quasi
753 3542 835 3585 onus
858 3520 1015 3604 deponere
1037 3524 1155 3606 possit:

274 3631 341 3696 exit
365 3652 458 3714 saepe
480 3629 567 3695 foras
590 3629 721 3716 magnis
740 3650 779 3695 ex
802 3627 934 3692 aedibus
957 3628 1026 3716 ille,

275 3759 344 3804 esse
367 3737 454 3802 domi
477 3758 573 3821 quem
595 3738 823 3821 pertaesumst,
847 3735 1019 3821 subitoque
1041 3738 1190 3826 reuertit,

276 3845 395 3930 quippe
417 3843 497 3908 foris
519 3842 588 3908 nilo
611 3842 725 3908 melius
750 3843 806 3927 qui
829 3843 949 3908 sentiat
972 3865 1048 3908 esse.

166 3957 168 3960 ’
275 3953 376 4017 currit
400 3971 498 4036 agens
521 3971 657 4015 mannos
681 3949 721 4014 ad
743 3949 855 4014 uillam
878 3951 1139 4039 praecipitanter,

276 4057 432 4122 auxilium
454 4057 548 4122 tectis
572 4056 665 4141 quasi
688 4057 770 4121 ferre
793 4056 979 4123 ardentibus
1002 4059 1140 4124 instans:

165 4180 233 4229 1066
275 4164 392 4228 oscitat
415 4163 590 4249 extemplo,
612 4163 723 4249 tetigit
745 4184 817 4227 cum
839 4163 953 4228 limina
975 4164 1086 4253 uillae,

275 4273 331 4334 aut
355 4269 423 4334 abit
446 4270 481 4334 in
504 4291 652 4335 somnum
674 4269 784 4355 grauis
807 4272 904 4354 atque
927 4270 1050 4336 obliuia
1073 4274 1213 4362 quaerit,

237 4468 304 4517 1031
324 4462 442 4517 lucunas
460 4463 521 4517 AB
539 4462 597 4517 lao-
616 4463 658 4516 Β1
726 4468 794 4517 1032
813 4461 965 4518 insuitans:
984 4467 1054 4520 verb
1069 4466 1112 4519 B’
1179 4472 1248 4522 1038
1266 4467 1352 4539 fugit:
1371 4471 1442 4525 cert.

164 4535 245 4590 Pone.
261 4535 338 4588 Mor.
413 4539 481 4587 1038
504 4533 611 4603 potius:
639 4535 708 4588 corb.
723 4536 759 4588 I.
834 4540 902 4588 1039
925 4534 1100 4590 Democritus
1120 4538 1223 4593 Beata
1252 4539 1443 4594 Democritum

166 4610 234 4661 1042
253 4604 314 4660 obit
327 4607 376 4660 It:
397 4604 469 4659 obiit
520 4610 588 4658 1044
601 4605 760 4660 restinexit:
779 4622 809 4660 eo
822 4607 850 4659 A
860 4637 894 4645 —
909 4607 1050 4661 aetherius
1060 4607 1188 4664 Lactoct.
1203 4611 1266 4665 icat.
1276 4612 1383 4679 11117,
1391 4616 1441 4667 23:

165 4676 257 4731 acrius
331 4682 399 4730 1060
417 4678 512 4745 potest
530 4675 571 4730 ibi
590 4677 666 4744 quod
685 4677 734 4732 sit:
757 4679 827 4732 verb.
842 4678 954 4732 Lccbm.
1033 4683 1101 4733 1052
1126 4680 1232 4736 animo:
1256 4684 1326 4737 verb.
1345 4682 1441 4738 Lcmb.

165 4752 233 4802 1061
254 4747 330 4803 domi
344 4763 504 4818 perquem:
523 4748 592 4802 aab.
608 4750 644 4802 It.
659 4780 693 4789 —
708 4748 826 4803 reuertit
843 4766 896 4820 erc.
913 4749 1037 4805 Politian
1088 4757 1157 4806 1063
1170 4753 1353 4824 praecipiter:
1371 4756 1441 4811 verb

163 4819 242 4876 Nico.
317 4824 387 4874 1064
404 4818 507 4874 instas:
526 4821 588 4874 verb
602 4819 645 4873 13²
