3442 5574
651 430 760 485 LIBER
777 429 939 486 TERTIUS.

264 597 388 662 lumina
410 595 588 660 luminibus
612 595 688 680 quia
710 595 805 659 nobis
828 594 1085 678 praepediuntur.

267 704 353 788 quod
375 703 501 768 foribus
523 724 591 768 non
612 703 663 768 fit:
686 725 789 787 neque
813 702 911 788 enim,
934 702 1011 786 quia
1033 703 1192 766 cernimus
1214 701 1292 786 ipsi,

267 812 352 876 ostia
375 811 556 895 suscipiunt
579 810 682 875 ullum
704 809 828 874 reclusa
849 809 1001 874 laborem.

266 921 431 1001 praeterea
454 919 482 983 si
505 940 564 1003 pro
588 918 713 983 foribus
737 921 813 981 sunt
835 916 958 982 lumina
980 921 1107 1004 nostra,

266 1024 331 1089 iam
353 1026 457 1111 magis
481 1025 638 1109 exemptis
662 1024 762 1088 oculis
786 1024 899 1089 debere
921 1025 1051 1090 uidetur

265 1153 393 1197 cernere
415 1154 466 1197 res
491 1133 616 1197 animus
639 1131 776 1195 sublatis
799 1131 948 1214 postibus
972 1131 1060 1216 ipsis.

311 1237 396 1303 Illud
418 1239 454 1303 in
475 1238 527 1303 his
550 1238 647 1303 rebus
669 1258 873 1321 nequaquam
897 1259 1021 1302 sumere
1043 1238 1165 1324 possis,

265 1343 443 1411 Democriti
466 1345 552 1431 quod
575 1349 685 1410 sancta
707 1345 771 1409 uiri
794 1345 953 1409 sententia
975 1345 1082 1432 ponit,

266 1453 410 1537 corporis
434 1457 531 1538 atque
554 1453 653 1517 animi
675 1452 864 1540 primordia,
887 1451 1016 1538 singula
1037 1452 1140 1536 priuis

266 1560 427 1647 adposita,
450 1560 583 1625 alternis
606 1559 731 1624 uariare
754 1580 790 1623 ac
813 1562 939 1624 nectere
961 1559 1113 1623 membra.

267 1688 342 1731 nam
365 1689 437 1731 cum
460 1667 564 1732 multo
588 1670 665 1731 sunt
688 1666 812 1731 animae
836 1665 992 1731 elementa
1014 1666 1140 1731 minora

268 1794 364 1856 quam
387 1773 505 1858 quibus
529 1796 546 1838 e
569 1796 685 1858 corpus
708 1773 803 1838 nobis
827 1780 860 1838 et
883 1774 1006 1838 uiscera
1028 1777 1192 1860 constant,

266 1883 337 1944 turn
359 1902 492 1946 numero
516 1903 645 1965 quoque
668 1881 846 1946 concedunt
869 1884 901 1944 et
924 1903 996 1945 rara
1018 1903 1075 1965 per
1098 1884 1187 1946 artus

267 1987 381 2052 dissita
404 1995 494 2076 sunt,
517 1989 684 2053 dumtaxat
707 1991 744 2053 ut
766 1987 828 2052 hoc
850 1987 1039 2071 promittere
1062 1987 1182 2073 possis,

269 2096 425 2178 quantula
447 2097 551 2180 prima
575 2099 693 2180 queant
716 2094 811 2159 nobis
834 2095 951 2159 iniecta
974 2095 1056 2159 ciere

265 2223 400 2287 corpora
423 2203 595 2268 sensiferos
618 2207 726 2267 motus
750 2203 785 2266 in
808 2224 954 2288 corpore,
976 2205 1069 2266 tanta

265 2309 436 2374 interualla
458 2314 567 2375 tenere
590 2310 720 2374 exordia
742 2310 847 2394 prima
869 2309 995 2374 animai.

264 2438 341 2482 nam
363 2440 466 2503 neque
489 2417 632 2502 pulueris
654 2418 817 2482 interdum
840 2417 996 2482 sentimus
1020 2417 1193 2482 adhaesum

184 2514 189 2525 ¹
265 2546 399 2609 corpore
421 2547 479 2590 nec
501 2525 655 2590 membris
678 2526 839 2589 incussam
862 2525 965 2589 sidere
988 2529 1122 2612 cretam,

264 2653 323 2696 nec
344 2632 495 2697 nebulam
517 2636 617 2697 noctu
639 2654 744 2716 neque
767 2632 875 2696 aranei
898 2631 1007 2696 tenuia
1029 2631 1084 2696 fila

266 2738 363 2804 obuia
387 2740 557 2826 sentimus,
580 2739 707 2824 quando
731 2739 909 2804 obretimur
932 2743 1059 2824 euntes,

156 2863 162 2878 ·
265 2867 323 2911 nec
347 2868 462 2930 supera
485 2851 581 2931 caput
604 2847 746 2912 eiusdem
769 2846 919 2911 cecidisse
939 2842 1062 2911 uictam

265 2957 403 3040 uestem,
425 2976 483 3019 nec
505 2954 632 3039 plumas
656 2955 765 3019 auium
788 2975 975 3038 papposque
999 2953 1154 3038 uolantis,

267 3060 323 3144 qui
344 3061 444 3125 nimia
466 3062 601 3126 leuitate
624 3060 741 3127 cadunt
764 3061 953 3146 plerumque
976 3061 1150 3146 grauatim,

263 3188 321 3231 nec
344 3168 486 3252 repentis
510 3169 594 3233 itum
616 3168 895 3252 cuiusuiscumque
918 3167 1091 3232 animantis

266 3274 436 3360 sentimus,
458 3297 517 3340 nec
539 3275 632 3359 priua
654 3274 771 3358 pedum
793 3274 934 3359 uestigia
957 3296 1115 3359 quaeque,

268 3402 400 3465 corpore
423 3382 562 3465 quaein
583 3385 696 3445 nostro
720 3381 835 3445 culices
859 3385 891 3444 et
914 3385 1019 3445 cetera
1042 3402 1108 3464 pon
1153 3384 1176 3444 t.

266 3510 368 3572 usque
392 3488 469 3554 adeo
492 3489 583 3572 prius
607 3491 656 3552 est
678 3488 714 3551 in
735 3488 830 3552 nobis
853 3488 958 3552 multa
980 3486 1141 3574 ciendum,

266 3617 362 3679 quam
384 3595 561 3680 primordia
584 3596 760 3661 sentiscant
783 3616 937 3661 concussa
961 3595 1079 3660 animai

266 3702 388 3767 semina
411 3702 600 3787 corporibus
623 3703 746 3768 nostris
769 3702 906 3766 inmixta
928 3724 985 3787 per
1008 3706 1112 3787 artus,

266 3813 299 3873 11
322 3831 418 3893 quam
441 3809 484 3874 sis
506 3810 687 3874 interuallis
710 3809 885 3874 tuditantia
906 3809 1033 3894 possint

266 3937 454 3981 concursare
478 3916 562 3982 coire
586 3916 987 3981 11111111111111101111111.

310 4021 355 4086 nt
377 4022 481 4108 magis
505 4027 553 4087 est
577 4024 702 4089 animus
726 4023 807 4089 uitai
830 4024 970 4089 claustra
993 4046 1140 4089 coercens

265 4133 297 4194 et
320 4129 537 4194 dominantior
560 4129 599 4195 ad
622 4130 724 4194 uitam
747 4153 845 4214 quam
867 4131 918 4195 uis
941 4131 1067 4196 animai.

263 4259 339 4302 nam
363 4237 431 4301 sine
453 4241 560 4302 mente
584 4237 755 4322 animoque
777 4238 890 4322 nequit
913 4237 1050 4303 residere
1073 4261 1130 4323 per
1154 4244 1244 4304 artus

263 4345 419 4428 temporis
443 4345 592 4430 exiguam
613 4350 739 4429 partem
761 4367 837 4429 pars
859 4345 926 4410 ulla
949 4345 1081 4431 animai,

152 4467 204 4516 400
264 4450 319 4514 sed
341 4472 447 4515 comes
471 4451 653 4535 insequitur
676 4451 770 4516 facile
794 4455 826 4515 et
850 4450 982 4516 discedit
1005 4453 1040 4516 in
1063 4474 1156 4517 auras

222 4678 505 4747 sesquatorum:
525 4697 582 4748 qua
640 4685 691 4734 372
710 4678 822 4751 primis:
840 4681 910 4735 verb.
926 4681 1017 4736 Beati.
1077 4686 1129 4734 375
1149 4698 1164 4735 e
1182 4682 1255 4736 AB:
1276 4685 1305 4737 et
1317 4682 1437 4738 A¹B²0

152 4753 203 4802 383
223 4749 321 4804 aranei
335 4751 425 4806 Mun:
441 4751 521 4806 arani
535 4783 570 4792 —
583 4751 705 4807 tenulla:
721 4754 790 4807 verb.
804 4753 840 4807 It.
896 4757 947 4806 391
964 4752 1076 4806 ciendo:
1091 4754 1160 4808 corb.
1175 4753 1227 4808 Ao.
1283 4759 1335 4808 394
1349 4771 1435 4823 quam

152 4819 189 4874 sis
216 4828 333 4876 ocrmute
360 4824 416 4878 ich:
445 4822 571 4891 quantis3
604 4839 689 4890 quam
716 4824 746 4877 in
775 4823 820 4877 his
847 4823 960 4879 Lucbm.
1052 4829 1103 4878 399
1133 4824 1267 4894 exigiam:
1295 4828 1366 4881 verb.
1392 4825 1436 4880 A'

151 4897 203 4946 400
222 4891 360 4947 ediscedit
377 4893 475 4966 (derit
492 4895 543 4967 B):
562 4896 632 4950 verb.
646 4895 682 4950 It.
