3442 5574
583 406 613 460 T.
633 404 788 460 LUORETI
806 403 891 459 CARI
909 403 957 458 ΒΕ
976 403 1105 458 RERUM
1124 402 1277 457 NATURA

402 593 477 637 nam
498 570 574 635 licet
598 573 761 636 aeternum
783 591 841 655 per
863 590 923 633 nos
947 568 993 633 sic
1016 589 1085 633 esse
1109 589 1271 655 soporem,

401 700 460 743 nec
482 678 674 743 desiderium
696 677 801 742 nostri
822 698 882 741 nos
905 675 1013 741 adficit
1035 674 1150 740 ullum:

404 789 436 849 et
458 788 567 849 tamen
588 784 676 850 haud
698 806 858 869 quaquam
879 786 1010 849 nostros
1032 786 1110 847 tunc
1132 783 1188 847 illa
1210 805 1268 867 per
1291 786 1381 847 artus

401 892 499 977 longe
522 892 562 956 ab
587 891 748 956 sensiferis
772 891 948 975 primordia
969 890 1112 955 motibus
1136 893 1259 976 errant,

402 1022 474 1065 cum
497 1002 663 1084 correptus
684 998 782 1064 homo
806 1021 844 1062 ex
868 1019 980 1063 somno
1004 1019 1038 1062 se
1061 997 1193 1083 colligat
1216 998 1292 1081 ipse.

401 1108 505 1172 multo
528 1107 630 1193 igitur
651 1109 788 1171 mortem
812 1107 919 1170 minus
943 1105 982 1170 ad
1004 1126 1064 1170 nos
1088 1127 1156 1169 esse
1179 1104 1403 1190 putandumst3

402 1216 429 1278 si
453 1215 560 1278 miuus
583 1236 652 1278 csse
675 1216 783 1298 potest
807 1235 904 1298 quam
926 1211 1012 1297 quod
1033 1211 1082 1276 nil
1104 1233 1174 1276 esse
1197 1211 1354 1277 uidemus:

402 1322 505 1387 maior
528 1322 611 1386 enim
635 1320 731 1386 turba
753 1323 786 1385 ct
809 1320 960 1385 disiectus
983 1319 1130 1384 materiai

402 1429 610 1513 consequitur
631 1427 712 1513 leto,
733 1449 792 1493 nec
816 1427 987 1512 quisquam
1010 1427 1195 1513 expergitus
1219 1430 1321 1513 extat,

403 1535 520 1621 frigida
543 1557 638 1620 quem
662 1534 759 1599 semel
782 1537 832 1598 est
854 1533 936 1598 uitai
958 1555 1059 1617 pausa
1082 1537 1199 1598 secuta.

446 1641 591 1727 Denique
615 1642 643 1705 si
665 1663 777 1706 uocem
800 1663 907 1705 rerum
929 1644 1046 1704 natura
1069 1644 1199 1724 repente

401 1749 512 1814 mittat
535 1752 568 1813 et
589 1748 651 1812 hoc
674 1747 770 1812 alicui
791 1751 941 1813 nostrum
964 1748 1010 1812 sio
1032 1748 1174 1831 increpet
1196 1748 1281 1831 ipsa:

402 1856 490 1941 ‘quid
512 1856 575 1921 tibi
597 1859 689 1920 tanto
714 1858 855 1942 operest,
877 1855 1038 1943 mortalis,
1061 1853 1147 1939 quod
1169 1854 1265 1918 nimis
1290 1855 1394 1940 aegris

402 1963 543 2029 luctibus
565 1961 742 2049 indulges?
781 1961 859 2046 quid
880 1964 1017 2026 mortem
1040 1960 1203 2046 congemis
1228 1983 1264 2025 ac
1285 1960 1366 2025 fies?

399 2092 475 2135 nam
498 2071 526 2135 si
549 2073 642 2156 grata
664 2070 727 2134 fuit
750 2069 813 2133 tibi
835 2070 904 2134 uita
928 2072 1001 2133 ante
1024 2072 1095 2134 acta
1117 2068 1283 2154 priorque,

399 2181 431 2242 et
453 2199 518 2241 non
543 2176 650 2240 omnia
672 2179 841 2260 pertusum
863 2178 1017 2261 congesta
1040 2176 1132 2260 quasi
1155 2175 1188 2240 in
1212 2197 1270 2239 uas

400 2283 565 2348 commoda
587 2283 766 2368 perfluxere
789 2287 886 2368 atque
908 2283 1036 2368 ingrata
1058 2283 1223 2369 interiere,

400 2413 456 2456 cur
477 2412 544 2455 non
565 2394 603 2456 ut
624 2390 738 2475 plenus
760 2390 848 2456 uitae
871 2390 1010 2455 conuiua
1032 2390 1152 2456 recedis

399 2520 500 2583 aequo
524 2499 694 2583 animoque
717 2499 805 2582 capis
829 2519 986 2585 securam,
1009 2497 1122 2586 stulte,
1146 2498 1308 2582 quietem?

401 2606 452 2669 sin
475 2627 511 2670 ea
534 2627 616 2690 quae
637 2605 763 2670 fructus
786 2627 921 2690 cumque
945 2627 978 2670 es
1001 2605 1123 2689 periere
1145 2605 1306 2692 profusa,

399 2711 531 2796 uitaque
553 2713 589 2776 in
611 2711 778 2798 offensast,
800 2733 856 2776 cur
880 2711 1017 2795 amplius
1041 2710 1155 2776 addere
1178 2712 1319 2797 quaeris,

399 2841 529 2884 rursum
552 2819 637 2904 quod
659 2821 769 2903 pereat
791 2819 874 2883 male
897 2821 929 2882 et
952 2819 1117 2904 ingratum
1140 2817 1262 2883 occidat
1286 2841 1393 2906 omne,

398 2948 465 2991 non
486 2927 595 3010 potius
619 2928 706 2993 uitae
724 2927 821 2991 finem
842 2927 922 2991 facis
945 2929 1042 3010 atque
1063 2925 1208 2991 laboris?

397 3055 472 3098 nam
495 3033 557 3099 tibi
580 3037 745 3118 praeterea
769 3033 855 3118 quod
876 3032 1039 3099 machiner
1061 3033 1300 3122 inueniamque,

400 3140 487 3225 quod
508 3139 646 3226 placeat,
668 3139 716 3203 nil
738 3143 800 3206 est:
823 3140 933 3205 eadem
956 3144 1033 3205 sunt
1057 3141 1164 3206 omnia
1186 3163 1319 3226 semper.

401 3248 428 3312 si
451 3247 514 3312 tibi
536 3270 603 3317 non
625 3248 717 3314 annis
741 3269 856 3334 corpus
880 3250 945 3314 iam
967 3252 1087 3314 marcet
1109 3252 1142 3313 et
1165 3253 1254 3313 artus

398 3356 535 3420 confecti
556 3356 727 3444 languent,
749 3356 858 3421 eadem
881 3359 990 3421 tamen
1012 3355 1120 3420 omnia
1143 3357 1281 3441 restant,

401 3463 509 3527 omnia
532 3464 560 3528 si
582 3484 697 3550 perges
720 3462 858 3528 uiuendo
882 3463 1009 3526 uincere
1032 3460 1149 3548 saecla,

399 3571 496 3654 atque
518 3569 616 3634 etiam
637 3569 762 3656 potius,
785 3570 813 3634 si
835 3591 1010 3653 numquam
1034 3569 1078 3634 sis
1102 3570 1291 3634 moriturus'
1309 3609 1352 3616 —

289 3693 341 3742 959
401 3675 478 3760 quid
500 3676 743 3762 respondemus,
765 3676 829 3741 nisi
851 3677 971 3741 iustam
992 3674 1157 3741 intendere
1179 3676 1270 3741 litem

397 3786 548 3847 naturam
570 3785 602 3846 ct
625 3804 734 3848 ueram
757 3783 864 3849 uerbis
888 3804 1046 3867 exponere
1068 3784 1219 3849 causam?

288 3906 340 3955 955
399 3888 553 3974 grandior
575 3888 628 3954 hic
650 3913 727 3955 uero
752 3890 780 3954 si
802 3891 867 3955 iam
890 3889 1060 3974 seniorque
1084 3895 1237 3976 queratur

291 4014 342 4062 952
402 4000 499 4080 atque
523 3995 650 4062 obitum
671 3996 866 4062 lamentetur
888 3997 985 4066 miser
1009 3998 1145 4082 amplius
1170 4021 1285 4086 aequo,

288 4120 339 4169 953
398 4125 465 4168 uon
486 4103 602 4168 merito
626 4104 776 4169 inclamet
798 4104 901 4190 magis
925 4108 958 4168 et
981 4126 1060 4169 uoce
1081 4105 1224 4190 increpet
1247 4107 1334 4172 acri?

398 4210 499 4275 ‘aufer
522 4209 639 4274 abhinc
661 4209 824 4299 lacrimas,
846 4210 988 4299 balatro,
1010 4215 1043 4276 et
1065 4233 1227 4296 compesce
1251 4214 1417 4298 querellas.

288 4335 339 4383 959
400 4317 507 4382 omnia
529 4317 716 4401 perfunctus
739 4317 821 4382 uitai
843 4318 984 4402 praemia
1005 4340 1139 4384 marces:

359 4516 409 4563 921
429 4526 556 4581 soporem
574 4510 641 4565 AN
659 4527 773 4580 praemo
792 4511 821 4564 B
906 4516 957 4564 922
977 4509 1080 4580 adigit:
1104 4514 1173 4566 verb.
1189 4513 1285 4568 Lamb.
1373 4519 1424 4569 925
1449 4512 1567 4583 colligat

291 4582 497 4636 Wiakelmoaa:
516 4581 582 4635 colli
603 4581 627 4636 it
680 4587 731 4637 928
750 4583 835 4637 turba
853 4586 882 4637 et
897 4582 1005 4637 coenet:
1024 4583 1125 4637 turbae
1181 4590 1232 4638 935
1252 4584 1276 4638 si
1294 4586 1377 4655 grata
1390 4586 1564 4655 Naugerius:

288 4651 376 4722 gratis
484 4658 534 4706 941
558 4600 693 4708 ollensust
711 4654 823 4721 Lame,
850 4656 922 4708 -sast
944 4654 1083 4725 Postgate:
1112 4658 1183 4710 -sost
1205 4689 1239 4696 -
1262 4672 1362 4724 queres
1380 4656 1407 4710 A
1426 4655 1496 4726 (und
1516 4655 1565 4725 09)

288 4728 338 4778 949
357 4722 431 4776 male
446 4724 474 4776 B
492 4723 561 4778 mali
574 4725 641 4780 AN
687 4724 840 4780 oraison:
860 4725 991 4781 oertAv.
1043 4731 1094 4780 945
1107 4727 1215 4808 placet:
1230 4728 1387 4783 vertNa'cc.
1440 4727 1566 4781 947195-

287 4795 391 4864 guente
472 4797 572 4849 restat:
600 4797 669 4850 verb.
685 4795 727 4849 B’
812 4802 864 4851 950
891 4795 947 4850 nisi
971 4797 1061 4852 Mar:
1091 4816 1114 4851 sr
1200 4804 1251 4853 955
1278 4799 1427 4869 wnpeetellt
1454 4797 1566 4854 Lactora

287 4870 340 4960 95}
357 4864 469 4919 balatro
488 4865 584 4921 Heiaa
603 4884 631 4922 a.
646 4885 685 4922 a:
704 4867 818 4921 baratro
