3442 5574
511 406 541 460 T.
560 405 716 460 LUORETI
735 404 819 460 CARI
837 405 885 458 DE
903 404 1034 459 RERUM
1052 404 1204 493 NATURA

328 569 528 634 harmoniam
552 568 630 634 Grai
654 590 750 653 quam
774 568 897 655 dicunt,
922 568 1007 653 quod
1029 567 1127 632 faeiat
1149 590 1209 633 nos

330 677 440 742 uiuere
464 699 536 741 cum
560 699 669 760 sensu,
692 675 781 741 nulla
804 698 876 740 cum
899 676 933 739 in
957 679 1049 759 parte
1072 676 1134 740 siet
1157 697 1262 760 mens3

329 789 365 848 ut
389 785 474 849 bona
498 806 591 868 saepe
613 784 764 848 ualetudo
788 806 860 848 oum
884 784 1001 848 dicitur
1025 805 1094 848 esse

328 892 487 978 eorporis,
510 895 542 955 et
565 912 632 955 non
654 894 704 955 est
726 895 834 955 tamen
856 890 934 954 haec
956 912 1031 974 pars
1056 891 1123 954 ulla
1145 890 1298 975 ualentis3

328 999 375 1062 sic
399 999 499 1063 animi
522 1019 652 1063 sensum
674 1020 741 1062 non
764 1001 850 1062 certa
872 1000 965 1081 parte
987 1002 1161 1081 reponunt:

327 1126 445 1190 magno
469 1127 564 1190 opere
586 1106 622 1169 in
645 1126 708 1190 quo
731 1105 777 1168 mi
800 1104 918 1168 diversi
942 1126 1047 1168 errare
1070 1104 1231 1169 uidentur.

328 1233 421 1296 saepe
444 1213 553 1297 itaque
576 1213 612 1276 in
632 1215 787 1296 promptu
811 1233 927 1295 corpus
952 1211 1038 1295 quod
1061 1212 1203 1276 cernitur
1225 1214 1349 1298 aegret,

328 1341 400 1383 cum
423 1323 532 1384 tamen
555 1341 594 1382 ex
617 1319 681 1382 alia
703 1319 861 1383 laetamur
883 1321 976 1402 parte
998 1319 1127 1383 latenti:

328 1429 360 1489 et
382 1429 470 1490 retro
493 1426 532 1490 fit
554 1425 604 1490 uti
627 1429 739 1490 contra
763 1425 806 1489 sit
830 1447 924 1508 saepe
947 1425 1106 1512 uicissim,

327 1554 400 1597 cum
423 1533 520 1597 miser
543 1553 582 1596 ex
605 1532 712 1596 animo
736 1532 876 1596 laetatur
900 1553 1033 1615 corpore
1055 1536 1141 1616 tot03

327 1661 394 1704 non
417 1640 480 1704 alio
503 1644 598 1724 pacto
622 1662 719 1724 quam
743 1640 784 1723 si,
807 1661 864 1723 pes
888 1661 960 1704 cum
984 1639 1070 1704 dolet
1094 1639 1196 1725 aegri,

327 1747 362 1810 in
383 1746 474 1812 nullo
498 1751 594 1831 caput
616 1747 740 1811 interea
764 1747 807 1810 sit
830 1747 914 1811 forte
937 1747 1055 1811 dolore.

326 1858 491 1938 praeterea
513 1853 605 1918 molli
628 1876 701 1917 cum
725 1875 838 1918 somno
863 1853 970 1918 dedita
993 1853 1136 1918 membra

326 1961 525 2046 effusumque
548 1962 630 2026 iacet
654 1961 724 2025 sine
747 1983 844 2025 sensu
866 1982 983 2045 corpus
1006 1960 1199 2047 honustum,

325 2072 373 2133 est
397 2067 485 2132 aliud
507 2071 616 2132 tamen
638 2068 673 2131 in
694 2067 790 2131 nobis
814 2068 901 2151 quod
923 2072 1068 2152 tempore
1090 2068 1126 2131 in
1147 2066 1204 2131 illo

326 2174 526 2239 multimodis
550 2175 693 2261 agitatur
716 2178 748 2239 et
772 2175 877 2238 omnis
901 2175 1018 2258 accipit
1040 2176 1075 2238 in
1098 2197 1132 2238 se

324 2281 467 2346 laetitiae
490 2287 598 2347 motus
622 2286 655 2345 et
678 2303 770 2346 curas
794 2281 899 2346 cordis
922 2282 1036 2347 inanis.

325 2409 411 2452 nunc
434 2389 574 2454 animam
597 2410 726 2474 quoque
749 2392 786 2452 ut
809 2389 844 2452 in
866 2388 1020 2452 membris
1044 2409 1235 2473 cognoscere
1258 2389 1364 2472 possis

325 2517 409 2581 esse,
430 2518 534 2581 neque
556 2496 726 2561 harmonia
748 2516 864 2579 eorpus
889 2496 1008 2560 sentire
1031 2496 1145 2582 solere,

325 2603 482 2686 principio
506 2603 544 2666 fit
567 2603 616 2667 uti
640 2602 783 2667 detracto
807 2624 940 2686 corpore
963 2603 1068 2667 multo

326 2730 419 2793 saepe
442 2713 551 2773 tamen
572 2709 668 2774 nobis
690 2710 726 2773 in
748 2709 902 2773 membris
924 2710 994 2774 uita
1016 2714 1174 2776 moretur:

326 2818 422 2900 atque
445 2816 554 2880 eadem
576 2838 720 2903 rursum,
743 2839 815 2880 cum
838 2838 972 2900 corpora
995 2839 1096 2900 pauca
1119 2818 1236 2883 caloris

326 2923 480 3009 diffugere
502 2924 653 3008 forasque
676 2945 733 3007 per
757 2945 793 2988 os
817 2927 866 2987 est
890 2923 995 2988 editus
1019 2946 1086 3010 aer,

325 3031 443 3095 deserit
467 3031 627 3115 extemplo
651 3052 749 3094 uenas
773 3033 870 3114 atque
894 3052 967 3095 ossa
989 3030 1158 3117 relinquit3

324 3159 455 3203 noscere
478 3142 515 3202 ut
537 3138 613 3203 hinc
635 3137 741 3222 possis
764 3158 832 3201 non
854 3159 971 3222 aequas
995 3139 1102 3202 omnia
1124 3139 1226 3223 partis

326 3267 461 3331 corpora
482 3245 602 3309 habere
624 3267 728 3329 neque
752 3266 790 3308 ex
813 3266 915 3329 aequo
939 3245 1053 3309 fulcire
1076 3246 1226 3331 salutem,

326 3351 381 3415 sed
403 3353 507 3438 magis
530 3352 622 3437 haee,
644 3352 735 3416 uenti
758 3373 839 3435 quae
863 3356 940 3416 sunt
962 3352 1120 3436 calidique
1142 3353 1273 3437 uaporis

327 3458 461 3544 semina,
485 3481 595 3524 curare
618 3459 653 3522 in
674 3458 828 3523 membris
852 3463 890 3522 ut
912 3458 982 3522 uita
1004 3464 1155 3523 moretur.

326 3569 375 3628 est
398 3566 500 3651 igitur
523 3566 610 3630 calor
633 3586 669 3629 ac
691 3568 808 3629 uentus
832 3564 943 3629 uitalis
965 3565 1000 3628 in
1022 3566 1094 3649 ipso

326 3694 471 3760 corpore,
495 3675 551 3757 qui
573 3673 669 3737 nobis
691 3672 901 3737 moribundos
926 3672 1044 3736 deserit
1067 3677 1165 3737 artus.

328 3784 526 3865 quapropter
550 3781 735 3865 quoniamst
759 3780 858 3844 animi
879 3783 997 3843 natura
1019 3784 1147 3863 reperta

326 3889 422 3971 atque
446 3887 569 3952 animae
593 3887 685 3971 quasi
708 3910 782 3970 pars
804 3886 959 3972 hominis,
982 3886 1077 3950 redde
1099 3886 1280 3951 harmoniai

324 4015 454 4079 nomen,
479 3996 519 4059 ad
541 3994 709 4080 organicos
733 3994 799 4059 alto
823 3992 964 4057 delatum
986 3991 1149 4079 Heliconi3

326 4101 394 4165 siue
418 4101 544 4166 aliunde
567 4101 632 4184 ipsi
655 4122 754 4185 porro
777 4104 903 4164 traxere
927 4103 959 4164 et
981 4100 1016 4163 in
1038 4099 1129 4164 illam

326 4208 576 4294 transtulerunt,
598 4209 729 4292 proprio
754 4229 835 4292 quae
858 4212 929 4271 tum
951 4228 1002 4271 res
1025 4207 1156 4270 nomine
1179 4208 1301 4293 egebat.

234 4333 241 4375 ε
328 4315 483 4399 quidquid
505 4315 539 4378 id
562 4319 624 4399 est,
646 4314 800 4379 habeant:
823 4317 860 4377 tu
883 4317 987 4377 cetera
1010 4314 1137 4397 percipe
1160 4314 1253 4379 dicta.

370 4418 466 4485 Nune
489 4421 630 4484 animum
653 4424 750 4504 atque
773 4420 912 4483 animam
934 4420 1005 4484 dico
1028 4421 1198 4485 coniuncta
1221 4423 1322 4487 teneri

327 4525 411 4590 inter
435 4549 468 4591 se
491 4532 587 4612 atque
610 4549 707 4590 unam
728 4529 879 4590 naturam
901 4526 1055 4591 conficere
1078 4549 1116 4591 ex
1140 4552 1186 4614 se,

148 4772 150 4777 ,
289 4723 338 4771 100
356 4719 446 4773 taciat
459 4720 487 4773 A
500 4719 586 4773 tatiat
600 4721 640 4774 B:
659 4721 728 4774 corb.
743 4719 786 4772 Β2
840 4725 890 4772 106
911 4722 1007 4789 aegret
1021 4721 1145 4776 Macrob.
1160 4722 1208 4776 Gr.
1218 4723 1282 4776 Lat.
1294 4723 1320 4776 V
1327 4741 1356 4792 p.
1370 4728 1434 4789 650,
1444 4727 1491 4777 34:

216 4805 331 4859 aegrum
387 4795 437 4844 108
452 4791 513 4846 ubi:
528 4794 598 4846 verb.
613 4792 754 4861 Lamb(ia)
810 4795 861 4843 118
876 4790 979 4844 sentire
998 4793 1178 4862 Wat(eficld):
1193 4792 1308 4847 interire
1364 4795 1493 4848 1311111-

215 4861 322 4916 monia:
337 4864 407 4916 cert.
418 4862 455 4914 B²
505 4868 555 4915 132
571 4863 631 4917 altu
640 4864 667 4916 A
683 4861 758 4915 saltu
772 4866 850 4933 (corr.
861 4863 893 4915 ia
907 4861 990 4932 salto)
1004 4863 1044 4918 B:
1058 4866 1128 4918 cert.
1140 4865 1230 4920 Beati.
1283 4871 1333 4918 135
1347 4865 1377 4918 id
1392 4884 1444 4937 erp.
1456 4867 1491 4920 Ι1.
