3442 5574
721 406 828 461 LIBER
846 406 1009 462 TERTIUS.

339 570 379 634 ad
402 571 554 657 speciem,
575 571 624 635 nil
647 570 687 636 ad
709 571 848 655 pondus:
871 593 958 635 mors
982 573 1090 637 omnia
1112 579 1256 658 praestat

339 676 472 742 uitalem
494 682 621 762 praeter
645 699 775 743 sensum
798 678 1000 763 calidumque
1023 702 1182 764 uaporem.

339 805 415 870 ergo
439 785 579 850 animam
601 789 706 850 totam
729 786 895 871 perparuis
920 808 989 851 esse
1010 792 1171 853 necessest

339 892 516 956 seminibus
538 914 654 957 nexam
676 914 734 977 per
756 914 855 957 uenas
879 893 1002 958 uiscera
1024 915 1156 983 neruos,

339 1002 512 1086 quatenus,
535 999 639 1064 omnis
662 999 720 1063 ubi
743 1021 760 1064 e
782 1003 854 1064 toto
877 1000 942 1065 iam
965 1022 1098 1086 corpore
1122 1004 1233 1090 cessit,

337 1107 458 1171 extima
479 1106 698 1171 membrorum
721 1107 972 1172 circumcaesura
990 1111 1105 1195 ,tamen
1127 1131 1161 1174 se

336 1214 530 1278 incolumem
553 1218 697 1298 praestat
718 1236 777 1278 nec
800 1213 876 1278 defit
899 1214 1049 1299 ponderis
1074 1215 1186 1281 hilum.

338 1321 424 1405 quod
447 1342 548 1407 genus
572 1325 635 1406 est,
657 1320 775 1385 Bacchi
798 1342 871 1386 cum
893 1320 954 1385 flos
977 1323 1123 1411 euanuit,
1146 1328 1202 1389 aut
1225 1347 1297 1390 cum

337 1428 473 1512 spiritus
496 1429 653 1514 unguenti
676 1429 784 1494 suavis
808 1428 937 1514 diffirgit
958 1429 993 1493 in
1016 1451 1124 1514 auras,

336 1539 393 1600 aut
417 1536 525 1621 aliquo
549 1557 622 1600 cum
644 1535 709 1601 iam
732 1558 828 1601 sucus
852 1536 890 1600 de
913 1557 1046 1622 corpore
1069 1538 1176 1602 cessit:

336 1642 404 1707 nilo
429 1643 530 1709 oculis
553 1647 661 1708 tamen
684 1665 753 1708 esse
775 1643 881 1708 minor
903 1666 955 1708 res
978 1643 1049 1728 ipsa
1071 1645 1199 1710 uidetur

338 1754 509 1834 propterea
531 1771 635 1834 neque
658 1750 838 1815 detractum
861 1749 899 1815 de
921 1750 1060 1835 pondere
1084 1752 1270 1840 quicquam,

337 1857 505 1944 nimirum,
528 1858 604 1942 quia
626 1858 729 1922 multa
751 1859 940 1943 minutaque
964 1859 1086 1923 semina
1109 1881 1202 1924 sucos

336 1964 481 2030 efficiunt
505 1968 537 2029 et
561 1965 692 2030 odorem
714 1966 750 2030 in
771 1969 842 2030 toto
866 1987 999 2050 corpore
1022 1987 1138 2031 rerum.

335 2094 434 2156 quare
457 2072 556 2136 etiam
579 2076 676 2157 atque
699 2073 797 2138 etiarn
819 2073 937 2138 mentis
959 2077 1110 2138 naturam
1133 2074 1320 2159 animaeque

336 2178 417 2244 scire
439 2179 515 2244 licet
538 2201 693 2264 perquam
715 2180 868 2265 pauxillis
892 2202 961 2246 1111
985 2184 1124 2246 creatam
1280 2179 1281 2182 '

336 2286 526 2371 seminibus,
550 2287 703 2371 quoniam
725 2288 853 2373 fugiens
875 2288 923 2353 nil
945 2288 1095 2372 ponderis
1120 2289 1232 2355 aufert.

368 2391 438 2459 Nec
460 2398 569 2459 tamen
590 2394 668 2459 haec
691 2394 828 2479 simplex
850 2394 945 2458 nobis
968 2398 1085 2459 natura
1107 2396 1290 2479 putandast.

334 2501 442 2566 tenuis
465 2502 550 2566 enim
575 2500 730 2586 quaedam
752 2501 963 2566 moribundos
988 2502 1105 2567 deserit
1128 2524 1206 2567 aura

333 2609 435 2673 mixta
458 2630 592 2695 uapore,
615 2631 716 2693 uapor
738 2630 835 2692 porro
860 2607 962 2673 trahit
985 2631 1060 2673 aera
1082 2631 1203 2696 secum,

332 2737 391 2780 nec
414 2716 501 2780 calor
524 2720 574 2781 est
597 2717 783 2801 quisquam,
806 2715 858 2781 oui
880 2737 947 2780 non
970 2715 1013 2780 sit
1036 2716 1157 2781 mixtus
1181 2721 1213 2782 et
1237 2740 1303 2783 aer:

334 2845 407 2887 rara
429 2822 516 2906 quod
539 2823 607 2889 eius
632 2824 716 2888 enim
739 2826 867 2888 constat
888 2826 1019 2909 natura,
1041 2827 1202 2888 necessest

333 2929 416 2993 aeris
439 2929 525 2994 inter
548 2952 621 2994 eum
643 2930 818 3014 primordia
840 2931 943 2994 multa
966 2930 1098 2995 moueri.

332 3037 398 3101 iam
420 3037 540 3121 triplex
563 3037 695 3102 animist
718 3037 820 3123 igitur
842 3041 959 3101 natura
981 3041 1120 3122 reperta:

332 3165 392 3207 nec
414 3147 523 3208 tamen
544 3143 623 3209 haec
645 3147 696 3208 111
720 3147 796 3208 sunt
819 3143 859 3207 ad
882 3165 1012 3208 sensum
1035 3148 1149 3209 cuncta
1171 3145 1356 3234 creandum,

331 3250 379 3313 nil
401 3250 518 3315 horum
541 3251 694 3335 quoniam
716 3250 831 3334 recipit
855 3249 970 3315 *mens
993 3272 1088 3334 posse
1111 3273 1217 3316 creare

334 3357 506 3422 sensiferos
529 3361 652 3444 motus,
675 3356 858 3442 *quaedam
881 3378 943 3441 111
966 3361 1072 3422 mente
1094 3357 1228 3423 volutat.

331 3468 446 3550 quarta
469 3486 598 3549 111111
620 3465 672 3530 his
694 3465 797 3550 igitur
820 3463 975 3548 quaedam
997 3468 1114 3530 natura
1136 3471 1296 3531 necessest

333 3572 550 3638 adtribuatur:
575 3577 643 3638 east
667 3573 797 3638 omnino
820 3572 960 3636 nominis
984 3594 1112 3658 expers3

333 3702 396 3764 qua
417 3701 522 3763 neque
544 3680 697 3745 mobilius
721 3680 893 3765 quicquam
915 3701 1018 3764 11111
1040 3680 1170 3744 tenuius
1194 3685 1282 3746 extat

330 3808 389 3851 nec
411 3786 515 3871 magis
538 3809 555 3851 e
577 3786 688 3870 paruis
712 3790 744 3851 et
766 3785 893 3851 leuibus
917 3807 956 3850 ex
979 3786 1159 3872 elementis3

333 3893 505 3958 sensiferos
528 3897 637 3958 motus
661 3915 742 3979 quae
766 3893 847 3957 didit
869 3893 974 3976 prima
996 3916 1053 3977 per
1076 3897 1179 3958 artus:

330 4000 435 4084 prima
457 4000 560 4065 cietur
582 4001 680 4086 enim,
702 4000 811 4084 paruis
834 3999 975 4083 perfecta
996 4000 1110 4086 figuris
1117 4053 1127 4087 ‚

330 4106 403 4172 inde
426 4107 513 4172 calor
535 4111 643 4172 motus
667 4111 699 4172 et
722 4107 812 4172 uenti
834 4128 925 4171 caeca
948 4111 1092 4191 potestas

330 4214 459 4301 accipit,
482 4214 555 4279 inde
578 4237 645 4302 aer3
668 4214 741 4278 inde
765 4213 872 4278 omnia
894 4212 1134 4300 mobilitantur‚

330 4322 512 4387 concutitur
536 4323 683 4408 sanguis,
704 4325 775 4386 tum
797 4321 921 4385 uiscera
943 4320 1182 4404 persentiscunt

330 4428 451 4514 omnia,
473 4419 646 4513 postr'emis
671 4428 766 4511 datur
789 4427 917 4492 ossibus
940 4431 1037 4511 atque
1059 4427 1208 4492 medullis

330 4535 398 4600 siue
421 4535 573 4620 uoluptas
597 4539 646 4600 est
670 4535 738 4600 siue
761 4538 810 4599 est
833 4533 1013 4599 contrarius
1036 4534 1138 4599 ardor.

289 4734 340 4782 222
354 4730 498 4799 unguente
507 4729 534 4782 A
553 4731 608 4782 -tes
622 4729 662 4783 B:
682 4730 750 4784 vert.
762 4730 797 4784 It.
862 4733 914 4780 224
927 4726 986 4781 nilo
996 4727 1033 4781 N.
1044 4727 1212 4799 Hetas(iaa):
1231 4727 1273 4782 nil
1338 4735 1389 4783 232
1400 4732 1494 4784 tanus:

217 4799 339 4855 oertA’
393 4805 444 4854 236
459 4799 533 4854 inter
548 4816 611 4853 eum
625 4800 807 4870 doppcltAB
825 4832 859 4840 -
877 4797 996 4852 multam
1010 4798 1102 4866 queri:
1121 4800 1191 4854 verb.
1205 4799 1248 4854 A*
1304 4806 1355 4855 239
1374 4800 1493 4872 recepit:

217 4873 286 4927 cert.
301 4871 344 4926 A²
397 4877 449 4925 243
463 4871 568 4926 tenuis:
583 4873 653 4927 cert.
667 4873 703 4928 It.
759 4874 886 4926 2491111
900 4869 1015 4940 sanguis
1029 4869 1136 4925 viscera
1149 4870 1363 4941 persentisiunt:
1378 4875 1447 4928 cert.
1458 4874 1493 4928 It.
