3442 5574
216 375 260 439 30
358 375 388 428 T.
408 373 565 429 LUORETI
583 371 667 428 CARI
685 371 733 425 DE
752 371 882 425 RERUM
901 369 1053 424 NATURA
1071 369 1180 424 LIBER
1198 368 1360 424 TERTIUS.

332 541 387 603 aut
410 539 509 603 etiam
530 557 706 622 properans
729 536 843 600 urbem
865 537 948 620 petit
972 537 1069 619 atque
1092 535 1214 599 reuisit.

316 645 389 716 ,hoo
412 667 446 710 se
470 645 605 729 quisque
627 643 722 708 modo
746 643 881 729 fugitat,
904 664 1013 729 quem,
1036 639 1171 727 seilicet,
1193 644 1230 705 ut
1253 641 1306 725 fit,

329 753 468 838 effugere
489 751 570 817 haut
594 750 682 835 potis
705 754 767 815 est:
790 750 928 835 ingratis
950 749 1061 813 haeret
1084 753 1117 812 et
1141 749 1209 813 odit

218 877 286 926 1070
327 864 511 946 propterea,
533 858 639 923 morbi
663 857 738 942 quia
762 879 890 922 eausam
911 878 979 921 non
1001 859 1089 920 tenet
1113 877 1221 942 aeger3

329 989 426 1051 quam
448 967 529 1031 bene
552 965 579 1030 si
602 965 725 1050 uideat,
748 964 812 1028 iam
835 963 932 1028 rebus
956 963 1092 1047 quisque
1115 963 1237 1028 relictis

325 1078 475 1139 naturam
497 1073 638 1157 primum
662 1070 789 1136 studeat
812 1092 1003 1157 cognoscere
1026 1092 1148 1157 rorum,

327 1181 483 1266 temporis
508 1180 629 1245 aeterni
653 1179 819 1266 quoniam,
840 1201 908 1244 000
930 1178 1026 1242 unius
1049 1176 1162 1265 horae,

329 1288 505 1374 ambigitur
528 1290 649 1373 statua,
671 1286 706 1350 in
730 1309 795 1371 quo
820 1287 863 1350 sit
885 1285 1078 1351 mortalibus
1103 1285 1208 1349 omnis

218 1411 286 1460 1075
329 1398 430 1482 aetas,
453 1397 687 1478 postmortem
710 1415 792 1478 quae
814 1396 916 1458 restat
939 1414 1075 1476 eumque
1097 1392 1263 1457 manendo.

371 1501 518 1586 Denique
541 1504 633 1565 tanto
658 1522 752 1585 opere
775 1502 811 1565 in
833 1500 940 1565 dubiis
964 1498 1123 1583 trepidare
1146 1498 1274 1584 periclis

327 1631 409 1694 quae
431 1609 515 1675 mala
536 1631 597 1673 nos
621 1607 746 1693 subigit
768 1608 850 1673 uitai
874 1611 965 1672 tanta
987 1606 1125 1691 cupido?

327 1721 412 1781 oerte
435 1715 582 1801 equidem
603 1715 679 1778 finis
701 1714 789 1778 uitae
811 1714 1003 1786 mortalibus
1027 1713 1147 1799 adstat,

326 1844 385 1887 neo
408 1822 544 1887 deuitari
566 1820 669 1884 letum
691 1822 782 1911 pote,
805 1820 884 1904 quin
907 1821 1068 1886 obeamus.

326 1933 491 2014 praeterea
513 1949 680 1993 uersamur
701 1926 822 1991 ibidem
844 1930 941 2012 atque
963 1927 1109 1991 insumus
1132 1948 1248 2013 usque,

325 2059 384 2102 neo
405 2058 491 2101 noua
513 2034 652 2100 uiuendo
674 2035 864 2118 procuditur
884 2034 952 2099 ulla
974 2034 1138 2117 uoluptas:

326 2144 381 2208 aed
403 2143 479 2207 dum
501 2143 593 2207 abest
617 2141 703 2226 quod
726 2164 871 2230 auemns,
892 2142 926 2206 id
949 2162 1139 2224 exsuperare
1162 2140 1290 2205 uidetur

327 2253 444 2315 oetera:
467 2252 542 2334 post
566 2247 667 2334 aliud,
689 2270 760 2313 oum
785 2249 923 2336 contigit
945 2248 1039 2334 illud,
1062 2269 1207 2335 0000100,

327 2361 359 2420 et
382 2356 454 2421 sitis
478 2377 579 2441 aequa
601 2360 689 2421 tenet
712 2357 795 2422 uitai
819 2378 943 2440 semper
965 2356 1097 2421 hiantia.

326 2467 519 2548 posteraque
541 2464 577 2527 in
599 2462 730 2529 dubiost
752 2465 917 2529 fortunam
940 2486 1037 2548 quam
1058 2463 1156 2528 uehat
1180 2466 1282 2550 aetas,

327 2570 445 2656 quidue
467 2571 550 2635 ferat
572 2570 667 2635 nobis
690 2593 782 2637 casus
807 2572 904 2657 quiue
926 2571 1032 2636 exitus
1055 2572 1122 2635 inst
1141 2574 1163 2636 t.

326 2699 385 2743 000
407 2699 556 2761 prorsum
579 2677 682 2743 uitam
705 2677 847 2743 duoendo
871 2678 1027 2743 demimus
1049 2678 1153 2743 hilum

327 2789 470 2869 tempore
493 2783 531 2848 de
554 2785 669 2849 mortis
691 2807 750 2850 neo
773 2785 913 2850 delibare
935 2786 1093 2872 00101000,

326 2914 390 2976 quo
412 2892 518 2956 minua
542 2912 611 2955 esse
633 2891 689 2955 diu
711 2893 871 2976 possimus
895 2892 979 2957 forte
1000 2895 1166 2978 perempti.

217 3015 286 3064 1090
327 2997 460 3083 proinde
482 2997 558 3062 lieet
581 2998 713 3082 quotuis
736 2999 875 3064 uiuendo
899 2999 1032 3064 condere
1056 3000 1170 3066 saecla:

326 3127 413 3170 mors
436 3108 565 3170 aeterna
587 3108 696 3175 tamen
718 3104 786 3169 nilo
809 3106 916 3170 minus
940 3105 997 3170 illa
1019 3106 1176 3192 manebit,

324 3234 383 3277 000
406 3212 513 3277 minus
537 3213 591 3277 ille
615 3212 671 3277 diu
693 3212 758 3277 iam
779 3234 847 3277 non
869 3214 945 3312 erit,
967 3235 1006 3278 ex
1027 3212 1182 3279 hodierno

326 3319 448 3385 lumine
472 3319 528 3404 qui
550 3321 646 3385 finem
670 3320 752 3385 uitai
774 3321 865 3406 feeit,
887 3320 1011 3406 atille,

328 3427 492 3492 mensibus
516 3430 613 3512 atque
637 3428 730 3493 annis
754 3428 810 3513 qui
833 3426 946 3492 multis
970 3427 1085 3492 oceidit
1108 3431 1191 3492 ante.

288 3606 356 3656 1069
380 3601 531 3672 ingratius:
559 3605 628 3657 verb.
648 3605 746 3658 Lamb.
838 3609 905 3658 1073
931 3603 1038 3658 aeterni
1061 3603 1207 3673 temporis:
1235 3603 1304 3658 verb.
1320 3602 1399 3656 Pout.
1416 3601 1493 3657 Mar.

218 3672 412 3728 1084011οΑ
436 3675 496 3727 -tao
515 3675 555 3728 B:
583 3676 652 3729 verb.
667 3677 703 3731 It.
718 3707 752 3715 —
771 3674 888 3730 hiantia:
912 3676 981 3730 verb.
996 3677 1031 3730 It.
1133 3681 1201 3729 1085
1224 3674 1349 3728 fortuna:
1372 3674 1442 3727 verb
1456 3674 1478 3726 Ι
1488 3717 1493 3726 .

216 3749 285 3870 iffi?
294 3744 565 3872 gelffepga3322,-emb.
581 3746 661 3801 Perat.
678 3747 754 3801 Mar.
828 3751 896 3801 1089
914 3764 1074 3816 possumus:
1093 3748 1163 3802 verb.
1178 3746 1220 3801 B'
1296 3749 1364 3799 1093
1384 3742 1445 3798 uita
1465 3746 1493 3798 A
