3442 5574
640 418 750 474 LIBER
768 417 930 474 TERTIUS.

145 599 197 648 515
257 587 453 647 commutare
477 582 619 647 animum
642 583 835 667 quicumque
858 582 1003 647 adoritur
1025 586 1058 646 et
1081 581 1154 646 infit

256 694 313 755 aut
335 690 432 754 aliam
455 689 603 774 quamuis
626 693 776 754 naturam
798 688 926 754 flectere
949 689 1082 774 quaerit.

257 801 291 862 at
312 820 416 883 neque
439 797 609 863 transferri
632 797 695 862 sibi
717 797 820 881 partis
842 819 900 861 nec
922 796 1024 861 tribui
1047 797 1118 861 uolt

256 905 427 969 inmortale
452 905 538 989 quod
561 909 610 970 est
634 907 806 990 quicquam
828 927 932 989 nequa
955 903 1092 968 defluere
1114 903 1231 968 hilum:

255 1034 330 1075 nam
354 1011 576 1097 quodcumque
600 1012 667 1076 suis
690 1016 851 1077 mutatum
873 1011 993 1076 finibus
1017 1011 1097 1096 exit,

257 1120 410 1184 continuo
433 1118 496 1185 hoc
519 1141 606 1184 mors
630 1121 680 1183 est
702 1118 790 1182 illius
815 1118 901 1202 quod
923 1118 987 1182 fuit
1011 1122 1093 1182 ante.

256 1248 332 1312 ergo
357 1226 483 1291 animus
507 1227 576 1290 siue
600 1226 769 1312 aegrescit,
791 1225 942 1290 mortalia
965 1225 1057 1310 signa

255 1332 372 1419 mittit,
395 1333 446 1397 uti
468 1333 575 1417 docui,
599 1354 656 1397 seu
678 1332 821 1397 flectitur
843 1354 862 1395 a
883 1331 1047 1396 medicina.

257 1463 359 1525 usque
383 1440 460 1505 adeo
484 1439 584 1505 falsae
607 1440 727 1504 rationi
750 1461 826 1504 uera
849 1439 978 1503 uidetur

255 1570 306 1612 res
330 1570 494 1613 occurrere
517 1551 550 1612 et
573 1547 728 1633 effugium
750 1547 955 1631 praecludere
978 1547 1067 1612 eunti

258 1655 456 1740 ancipitique
478 1655 623 1721 refutatu
646 1655 834 1719 conuincere
857 1654 983 1719 falsum.

301 1760 448 1847 Denique
472 1785 564 1847 saepe
587 1763 751 1827 hominem
773 1762 932 1846 paulatim
955 1761 1113 1826 cernimus
1135 1761 1182 1825 ire

257 1873 289 1932 et
311 1870 516 1935 membratim
538 1869 671 1934 uitalem
694 1868 865 1953 deperdere
888 1890 1029 1933 sensum:

256 1976 290 2038 in
312 1977 449 2060 pedibus
472 1978 613 2062 primum
636 1977 756 2062 digitos
779 1975 932 2040 liuescere
955 1979 987 2040 et
1009 1976 1143 2064 unguis,

255 2082 329 2147 inde
351 2085 448 2168 pedes
471 2089 503 2150 ct
526 2107 619 2150 crura
642 2083 739 2168 mori,
761 2087 837 2167 post
859 2083 934 2154 inde
956 2106 1013 2167 per
1036 2087 1126 2148 artus

257 2191 304 2255 ire
328 2192 409 2256 alios
432 2192 561 2256 tractim
584 2190 682 2276 gelidi
704 2191 845 2276 uestigia
866 2189 937 2276 leti3

257 2298 415 2363 scinditur
438 2298 560 2382 *atque
583 2299 708 2362 animae
730 2298 809 2363 haee
831 2297 984 2382 quoniam
1006 2302 1123 2363 natura
1145 2318 1203 2362 nec
1225 2316 1290 2362 uno

256 2408 401 2489 tempore
425 2406 548 2470 sincera
571 2405 695 2491 existit,
717 2403 864 2470 mortalis
887 2403 1073 2470 habendast.

257 2512 344 2596 quod
368 2513 396 2577 si
418 2513 503 2577 forte
525 2516 622 2596 putas
645 2513 749 2596 ipsam
772 2535 806 2577 sa
828 2534 922 2596 posse
944 2534 1002 2596 per
1025 2515 1114 2577 artus

256 2619 416 2684 introsum
438 2619 564 2684 trahere
588 2624 621 2684 et
643 2620 746 2704 partis
768 2620 943 2685 conducere
965 2619 1001 2683 in
1023 2640 1123 2684 unum

258 2730 355 2810 atque
377 2727 449 2791 ideo
473 2727 596 2792 cunctis
621 2749 750 2792 sensum
773 2726 919 2792 diducere
942 2726 1107 2811 membris,

256 2836 291 2897 at
312 2833 403 2898 locus
426 2833 482 2899 ille
504 2837 627 2921 tamen,
650 2857 714 2918 quo
738 2835 830 2918 copia
853 2838 944 2898 tanta
967 2834 1084 2899 animai

256 2940 397 3026 cogitur,
420 2941 574 3006 insensu
597 2941 691 3007 debet
713 2942 834 3006 maiore
857 2941 974 3026 uideri3

257 3047 313 3131 qui
337 3048 488 3131 quoniam
511 3053 718 3135 nusquamst,
740 3050 906 3133 nimirum,
928 3052 966 3113 ut
989 3048 1128 3114 diximus
1152 3053 1240 3134 ante,

256 3154 410 3219 dilaniata
432 3156 518 3220 foras
543 3156 753 3242 dispargitur,
775 3156 887 3221 interit
910 3177 997 3242 ergo.

258 3262 337 3346 quin
359 3263 456 3327 etiam
479 3263 509 3327 si
530 3263 595 3327 iam
617 3263 718 3327 libeat
742 3263 912 3328 concedere
934 3264 1053 3328 falsum

258 3373 290 3433 et
313 3369 388 3435 dare
410 3391 506 3454 posse
529 3369 670 3435 animam
692 3371 864 3456 glomerari
886 3371 921 3435 in
944 3393 1076 3454 corpore
1101 3392 1226 3457 eorum,

255 3476 378 3542 lumina
401 3479 458 3562 qui
479 3478 605 3542 lincunt
627 3477 813 3543 moribundi
835 3478 1067 3564 particulatim,

223 3635 226 3643 .
256 3584 427 3650 mortalem
450 3589 559 3650 tamen
582 3607 651 3650 esse
674 3585 813 3650 animam
835 3586 956 3650 fateare
977 3607 1119 3672 neccsse,

256 3712 315 3755 neo
336 3693 435 3757 refert
458 3696 569 3757 utrum
591 3696 700 3776 pereat
723 3693 866 3777 dispersa
889 3715 946 3778 per
969 3716 1063 3759 auras

259 3819 301 3862 an
323 3802 488 3864 eontracta
510 3799 577 3864 suis
601 3821 618 3863 e
640 3800 788 3884 partibus
813 3801 1033 3885 obbrutesoat,

257 3905 384 3989 quando
407 3906 572 3971 hominem
595 3910 701 3971 totum
724 3908 828 3993 magis
850 3930 886 3973 ae
909 3909 1013 3993 magis
1036 3908 1176 3992 undique
1200 3931 1311 3974 sensus

257 4010 364 4077 deficit
387 4017 419 4077 ct
442 4013 529 4078 uitae
552 4013 659 4079 minus
682 4018 715 4078 et
737 4015 843 4080 minus
867 4015 1008 4100 undique
1030 4019 1139 4080 restat.

300 4119 345 4184 Et
369 4121 522 4203 quoniam
545 4143 635 4185 mens
658 4125 707 4185 est
729 4121 870 4186 hominis
893 4145 970 4206 pars
994 4145 1070 4208 una,
1092 4123 1163 4187 loco
1188 4145 1269 4207 quae

256 4227 321 4290 fixa
343 4231 452 4291 manet
475 4231 575 4312 certo,
599 4228 689 4293 uelut
713 4251 806 4293 aures
829 4233 926 4314 atque
950 4230 1034 4294 oculi
1058 4229 1143 4315 sunt,

147 4349 198 4396 550
258 4336 354 4418 atque
378 4335 433 4399 alii
457 4356 569 4399 sensus
593 4336 648 4419 qui
672 4337 776 4401 uitam
798 4358 934 4421 cumque
956 4337 1152 4422 gubernant,

258 4444 290 4504 et
313 4441 415 4506 ueluti
437 4464 550 4507 manus
574 4447 671 4527 atque
695 4444 806 4508 oculus
829 4465 964 4508 naresue
987 4466 1132 4508 seorsum

257 4552 378 4613 secreta
401 4549 441 4613 ab
463 4549 559 4614 nobis
581 4555 746 4634 nequeunt
769 4551 888 4616 sentire
910 4572 1014 4635 neque
1038 4573 1120 4638 esse,

159 4707 161 4712 Ι
217 4747 268 4795 522
284 4741 395 4796 deocui:
415 4744 483 4798 verb.
499 4742 542 4797 13²
596 4743 792 4799 sacrationis:
811 4745 880 4799 cert.
896 4744 973 4799 Mor.
1029 4750 1080 4798 525
1094 4745 1247 4799 refutatur:
1266 4746 1424 4801 verunas

146 4817 196 4865 531
226 4812 337 4868 animae
362 4814 472 4869 Lama:
499 4813 592 4868 animo
670 4820 721 4869 538
750 4818 816 4869 ante
838 4833 891 4886 erp.
906 4817 985 4871 Nico.
1062 4821 1114 4869 544
1138 4815 1275 4887 disperse:
1298 4819 1368 4872 verb.
1383 4817 1426 4871 B’

146 4889 196 4937 545
216 4884 389 4940 obrutcscat:
408 4887 570 4941 recondas.
644 4891 696 4941 548
714 4887 845 4955 locoque:
863 4889 932 4942 verb.
947 4888 1059 4944 Lactm.
