3442 5574
708 413 817 468 LIBER
834 414 996 469 TERTIUS.

328 575 368 640 ad
391 598 533 640 summas
556 598 717 662 emergere
742 600 833 664 opes,
855 578 933 642 haec
955 576 1088 642 uolnera
1111 578 1198 642 uitae

327 705 394 748 non
416 684 583 749 minimam
604 687 732 768 partem
755 685 870 750 mortis
893 685 1064 750 formidine
1087 685 1227 750 aluntur.

330 791 437 875 turpis
460 791 546 855 enim
567 791 668 855 ferme
691 795 897 876 contemptus
921 795 952 856 et
976 793 1057 856 acris
1081 795 1207 876 egestas

330 901 454 962 semota
476 898 517 962 ab
541 897 627 962 dulci
649 898 719 962 uita
742 898 916 983 stabilique
939 899 1067 964 uidetur

329 1009 360 1068 et
384 1005 476 1090 quasi
498 1005 564 1068 iam
586 1004 645 1069 leti
667 1009 778 1089 portas
800 1007 978 1071 cunctarier
1002 1011 1088 1071 ante:

328 1112 413 1177 unde
435 1112 581 1177 homines
606 1112 683 1176 dum
705 1135 738 1176 se
761 1113 842 1178 falso
866 1116 989 1178 terrore
1011 1114 1113 1178 coacti

330 1219 481 1305 effugisse
503 1219 619 1285 uolunt
640 1219 737 1305 longe
759 1220 920 1306 longeque
941 1243 1094 1308 remosse,

330 1327 486 1412 sanguine
509 1326 599 1392 ciuili
621 1349 688 1390 rem
711 1326 852 1392 conflant
878 1328 1073 1413 diuitiaeque

330 1433 556 1517 conduplicant
580 1433 682 1519 auidi,
704 1434 831 1499 caedem
854 1434 948 1499 caede
971 1435 1220 1520 accumulantes,

330 1540 473 1605 crudeles
496 1539 636 1626 gaudent
659 1541 694 1604 in
716 1540 804 1605 tristi
827 1542 938 1606 funere
960 1543 1083 1628 fratris,

329 1652 361 1712 et
384 1647 656 1733 consanguineum
679 1668 806 1712 1111111
831 1647 924 1712 odere
947 1649 1134 1732 timentque.

330 1754 491 1819 consimili
513 1755 639 1819 ratione
662 1755 702 1818 ab
727 1754 838 1818 eodem
862 1776 958 1838 saepe
981 1755 1096 1819 timore

329 1866 470 1927 macerat
493 1861 628 1926 inuidia:
652 1864 727 1925 ante
751 1861 861 1926 oculos
882 1861 976 1925 illum
999 1883 1067 1926 esse
1089 1866 1270 1948 potentem,

329 1969 423 2034 illum
447 1969 617 2054 aspectam,
640 1967 725 2033 claro
750 1968 805 2052 qui
829 1969 947 2033 incedit
969 1969 1105 2054 honore,

330 2076 393 2161 ipsi
416 2099 449 2141 11
472 2076 672 2140 intenebris
695 2076 784 2140 uolui
808 2097 969 2160 caenoque
993 2080 1179 2161 queruntur.
1271 2151 1272 2154 Ἴ

329 2184 491 2248 intereunt
514 2183 633 2266 partim
657 2187 837 2248 statuarum
860 2186 892 2247 et
913 2183 1055 2247 nominis
1078 2204 1163 2268 ergo.

328 2294 361 2354 et
384 2313 478 2375 saepe
501 2312 602 2375 usque
626 2291 703 2354 adeo
710 2343 719 2376 ,
740 2291 855 2354 mortis
877 2289 1060 2375 formidine,
1082 2290 1170 2355 uitae

329 2398 469 2483 percipit
490 2398 649 2463 humanos
673 2397 782 2462 odium
804 2398 948 2482 lucisque
972 2397 1140 2484 uidendae,

330 2509 367 2569 ut
390 2505 453 2569 sibi
477 2505 675 2571 consciscant
697 2505 852 2569 maerenti
875 2509 1003 2588 pectore
1025 2505 1139 2590 letum,

331 2611 427 2677 obliti
450 2614 573 2678 fontem
596 2634 744 2676 curarum
765 2611 852 2676 hunc
874 2633 941 2676 esse
964 2612 1121 2676 timorem.

329 2718 415 2784 hunc
437 2742 553 2785 uexere
577 2719 747 2805 pudorem,
769 2718 855 2783 hunc
878 2718 1008 2783 uincula
1030 2719 1184 2784 amicitiai

330 2849 478 2911 rumpere
502 2831 534 2892 et
557 2827 592 2891 in
615 2848 738 2890 summa
761 2826 916 2910 pietatem
940 2829 1082 2890 euertere
1105 2827 1229 2892 suadet:

330 2957 406 2998 nam
429 2934 494 2998 iam
517 2955 611 3017 saepe
633 2933 780 2997 homines
805 2933 946 3017 patriam
969 2954 1122 3017 carosque
1146 2932 1290 3017 parentis

329 3039 540 3124 prodiderunt
562 3039 667 3104 uitare
690 3037 866 3103 Acherusia
888 3038 1011 3122 templa
1033 3043 1188 3124 petentes.

330 3168 406 3211 nam
427 3145 530 3210 ueluti
553 3145 646 3230 pueri
669 3145 834 3230 trepidant
858 3149 956 3229 atque
980 3145 1088 3210 omnia
1111 3148 1211 3212 caecis

331 3253 366 3317 in
388 3252 529 3318 tenebris
552 3257 715 3336 metuunt,
739 3252 784 3316 sic
805 3273 866 3316 nos
889 3252 924 3316 in
945 3252 1016 3317 luce
1038 3254 1189 3318 timemus

331 3360 505 3444 interdum,
527 3360 595 3425 nilo
619 3382 701 3444 quae
724 3363 800 3424 sunt
823 3359 993 3423 metuenda
1015 3359 1120 3445 magis
1143 3382 1239 3444 quam

335 3489 416 3552 quae
438 3468 532 3552 pueri
554 3468 589 3531 in
611 3467 753 3532 tenebris
777 3466 926 3551 pauitant
949 3466 1139 3551 fingrmtque
1162 3468 1279 3533 futura.

330 3575 416 3639 hunc
438 3575 540 3660 igitur
563 3579 719 3640 terrorem
743 3574 841 3638 am'mi
865 3574 1075 3658 tenebrasque
1097 3580 1256 3640 necessest

331 3703 398 3747 non
420 3681 502 3747 radii
526 3681 604 3747 solis
626 3704 731 3767 neque
753 3681 858 3746 lucida
880 3680 946 3744 tela
969 3681 1032 3745 diei

331 3789 519 3877 discutiant,
541 3789 595 3854 sed
617 3793 751 3854 naturae
774 3787 896 3872 species
919 3788 1077 3872 ratioque.

375 3894 521 3961 Primum
543 3897 686 3961 animum
710 3895 794 3981 dico,
817 3898 959 3959 mentem
982 3917 1079 3979 quam
1103 3918 1197 3981 saepe
1220 3919 1385 3984 uocamus,

332 4003 367 4068 in
390 4025 454 4088 quo
477 4003 647 4068 consilium
669 4003 756 4068 uitae
778 4002 985 4088 regimenque
1007 4002 1195 4088 locatumst,

332 4088 399 4174 1111
422 4110 563 4175 hominis
585 4115 711 4195 partem
733 4109 801 4174 nilo
825 4109 932 4173 minus
956 4130 992 4173 ac
1015 4131 1128 4174 manus
1152 4114 1185 4178 et
1207 4133 1264 4194 pes

334 4221 431 4302 atque
454 4217 539 4282 oculi
560 4222 669 4302 partes
693 4217 866 4282 animantis
888 4215 990 4281 totius
1013 4220 1132 4281 extant.

332 4454 460 4497 sensum
483 4431 583 4496 animi
606 4435 693 4497 certa
715 4453 782 4495 non
804 4452 871 4495 esse
895 4430 930 4494 in
951 4434 1043 4515 parte
1066 4430 1220 4518 locatum,

332 4562 446 4604 uerum
467 4538 616 4604 habitum
640 4540 798 4623 quendam
820 4537 954 4602 uitalem
977 4538 1121 4621 corporis
1144 4560 1224 4622 esse,

294 4737 327 4787 72
346 4733 460 4788 fratres:
479 4732 575 4787 fratris
595 4733 718 4787 Moorob.
733 4739 783 4787 111.
804 4732 848 4786 VI
857 4736 931 4798 2,15
1005 4737 1038 4785 78
1058 4733 1176 4786 statum:
1195 4734 1264 4787 cert.
1279 4734 1315 4789 It.
1385 4740 1417 4788 81
1439 4754 1502 4791 con-

223 4804 578 4875 1111111111111).Ν111(011)
638 4809 672 4857 84
686 4804 806 4874 pietate:
820 4803 936 4857 1111111.
1001 4809 1034 4857 94
1048 4819 1144 4871 quem:
1159 4820 1245 4872 quam
1260 4804 1401 4876 01111111.
1411 4809 1501 4863 13712.

224 4882 256 4930 91
275 4879 417 4932 vocatum:
436 4878 506 4933 corb.
521 4876 686 4947 Modoura)
757 4876 828 4930 11111
847 4880 879 4928 97
899 4875 991 4930 11111111
1009 4876 1177 4930 1111111111.

1254 4967 1287 5020 1*
