3442 5574
222 411 262 475 16
511 411 542 465 T.
561 409 718 466 LUORETI
736 410 820 465 calu
838 410 887 464 DE
907 410 1036 465 RERUM
1054 410 1206 464 NATURA

331 575 386 639 sed
409 576 574 639 tamenin
597 597 698 659 paruo
720 574 863 639 licuntur
885 579 1030 659 tempore
1053 575 1143 662 tabe,

332 683 378 746 sic
401 683 526 747 animus
549 704 607 766 per
631 703 753 746 senon
776 682 848 766 quit
872 682 940 746 sine
963 704 1096 767 corpore
1120 686 1152 746 et
1175 683 1246 766 ipso

332 810 401 853 esse
423 789 569 872 homine,
591 788 680 853 illius
705 789 797 873 quasi
821 789 907 872 quod
930 811 988 852 uas
1012 811 1081 853 esse
1104 789 1233 854 uidetur
1257 828 1299 835 -—

331 897 400 961 siue
423 896 511 960 aliud
535 895 686 980 quiduis
709 895 819 979 potius
842 894 1046 960 coniunctius
1069 897 1098 960 ei

330 1003 464 1088 fingere,
488 1002 746 1087 quandoquidem
769 1023 893 1066 conexu
916 1025 1032 1088 corpus
1055 1003 1215 1067 adhaeret.

373 1109 522 1194 Denique
544 1110 688 1194 corporis
713 1113 809 1194 atque
833 1110 932 1174 animi
955 1110 1066 1174 uiuata
1089 1114 1234 1195 potestas

331 1217 416 1281 inter
440 1239 474 1281 11
496 1219 667 1282 coniuncta
690 1217 799 1281 ualent
822 1217 954 1301 uitaque
978 1217 1144 1282 fruuntur:

330 1346 389 1388 nec
411 1325 479 1390 sino
502 1347 634 1409 corpore
657 1325 743 1388 enim
767 1324 878 1388 uitalis
902 1324 993 1388 edere
1016 1329 1124 1389 motus

267 1433 271 1441 '
331 1430 400 1495 sola
422 1436 531 1515 potest
554 1431 654 1496 animi
677 1453 735 1514 per
759 1453 792 1496 se
815 1435 932 1496 natura
953 1453 1013 1496 nec
1036 1435 1143 1496 autem

330 1559 455 1603 cassum
479 1539 584 1603 anima
606 1560 723 1622 corpus
748 1537 862 1602 durare
886 1541 917 1602 et
942 1539 1089 1603 sensibus
1111 1539 1168 1604 uti.

331 1645 466 1732 scilicet,
488 1645 619 1711 auolsus
643 1644 805 1709 radicibus
827 1649 865 1709 ut
887 1645 1000 1729 nequit
1024 1645 1124 1709 ullam

329 1752 483 1836 dispicere
507 1753 576 1836 ipse
600 1751 713 1816 oculus
736 1774 805 1816 rem
828 1773 973 1816 seorsum
996 1773 1129 1835 corpore
1152 1755 1241 1839 toto,

331 1860 376 1923 sio
400 1859 507 1923 anima
529 1862 626 1943 atque
650 1858 783 1926 animus
800 1880 857 1942 per
881 1881 915 1922 11
937 1858 985 1922 nil
1007 1880 1103 1942 posse
1126 1858 1279 1924 uidetur..

327 1966 495 2050 nimirum,
519 1965 595 2050 quia
617 1987 676 2049 per
699 1987 797 2030 uenas
821 1969 853 2029 et
876 1967 1001 2030 uiscera
1024 1966 1166 2052 mixtim,

328 2095 385 2157 per
407 2095 525 2137 neruos
550 2076 646 2157 atque
670 2094 758 2159 ossa,
780 2077 931 2137 tenentur
954 2094 1087 2156 corpore
1111 2073 1151 2136 ab
1175 2072 1263 2137 omni

328 2200 387 2243 nec
409 2179 535 2265 magnis
559 2180 740 2244 interuallis
762 2179 939 2263 primordia
962 2184 1100 2263 possunt

327 2286 430 2350 libera
452 2286 637 2373 dissultare,
660 2287 731 2351 ideo
755 2286 904 2351 conclusa
927 2291 1099 2352 mouentur

331 2393 502 2458 sensiferos
526 2397 648 2478 motus,
673 2416 754 2478 quos
778 2398 869 2458 extra
892 2415 1009 2478 corpus
1031 2395 1067 2459 in
1090 2417 1184 2459 auras

329 2501 410 2564 aeris
433 2500 514 2565 haut
537 2504 675 2584 possunt
698 2504 773 2584 post
795 2504 934 2565 mortem
957 2501 1056 2565 eiecta
1078 2502 1202 2566 moueri

326 2611 498 2691 propteroa
522 2607 598 2692 quia
620 2628 688 2672 non
710 2607 809 2672 simili
832 2607 959 2672 ratione
981 2612 1146 2672 tenentur:

328 2735 443 2798 corpus
468 2715 672 2798 animatque
696 2715 841 2779 animans
865 2715 927 2779 erit
951 2737 1018 2801 aer,
1041 2715 1068 2778 si
1092 2715 1240 2780 cohibere

328 2821 361 2884 in
385 2844 419 2886 11
442 2823 583 2886 animam
605 2825 702 2906 atque
724 2821 760 2885 in
782 2843 837 2886 eos
860 2822 981 2905 poterit
1005 2822 1192 2887 concludere
1215 2828 1336 2907 motus,

328 2951 410 3013 quos
434 2933 508 2994 ante
530 2931 565 2993 in
587 2929 696 2994 neruis
720 2932 752 2992 et
774 2928 810 2992 in
831 2929 903 3012 ipso
927 2951 1059 3013 corpore
1083 2930 1206 3015 agebat.

329 3058 427 3120 quare
450 3037 548 3101 etiam
571 3041 668 3121 atque
691 3036 789 3100 etiam
812 3036 955 3101 resoluto
979 3038 1123 3121 corporis
1148 3039 1234 3103 omni

327 3143 469 3228 tegmine
492 3147 524 3206 et
548 3143 656 3207 eiectis
680 3147 771 3207 extra
793 3143 949 3209 uitalibus
973 3145 1059 3209 auris

327 3250 463 3314 dissolui
487 3271 599 3314 sensus
623 3249 723 3314 animi
744 3250 864 3314 fateare
887 3256 1047 3315 necessest

329 3361 425 3441 atque
448 3357 602 3442 animam,
626 3357 777 3440 quoniam
800 3358 1003 3422 coniunctast
1026 3380 1121 3422 causa
1145 3358 1278 3422 duobus.

373 3463 520 3550 Denique
543 3486 616 3529 cum
638 3486 753 3548 corpus
777 3469 915 3548 nequeat
938 3465 1077 3549 perferre
1101 3465 1219 3529 animai

328 3571 510 3656 discidium,
534 3572 611 3655 quin
634 3572 669 3634 in
691 3574 794 3635 taetro
818 3571 963 3636 tabescat
987 3572 1097 3659 odore,

328 3679 405 3762 quid
428 3677 557 3742 dubitas
581 3678 660 3762 quin
682 3700 720 3741 ex
743 3678 808 3742 imo
831 3678 1025 3762 penitusque
1049 3683 1159 3744 coorta

327 3785 484 3850 emanarit
507 3785 556 3848 uti
579 3785 686 3848 fumus
709 3784 824 3848 diffusa
848 3785 971 3849 animae
994 3787 1058 3871 uio,

328 3897 424 3977 atque
446 3891 517 3956 ideo
540 3895 633 3956 tanta
654 3895 815 3956 mutatum
838 3896 933 3975 putre
955 3893 1048 3957 ruina

329 3999 503 4065 conciderit
522 4020 653 4084 corpus,
675 4000 804 4082 penitus
829 3999 904 4081 quia
927 4002 1016 4063 mota
1038 4000 1109 4064 loco
1134 4004 1210 4064 sunt

327 4108 548 4192 fundamenta,
570 4107 657 4170 foras
680 4109 829 4170 manante
852 4106 958 4170 anima
981 4128 1082 4190 usque
1105 4128 1162 4190 per
1185 4110 1275 4171 artus

328 4236 447 4298 perque
470 4214 597 4278 uiarum
621 4213 725 4278 omnis
749 4211 865 4297 flexus,
887 4213 922 4277 in
945 4235 1078 4297 corpore
1101 4201 1158 4297 ¹qui
1181 4217 1271 4299 sunt,

288 4449 339 4498 553
354 4443 500 4512 liquuntur
514 4443 576 4497 tabi
585 4445 622 4498 Is.
636 4443 756 4508 Vossius,
774 4440 898 4495 licuntur
911 4442 978 4495 tabe
992 4442 1098 4498 Greecb:
1118 4442 1265 4512 linguntur
1277 4443 1332 4497 tali
1381 4448 1431 4496 555
1446 4442 1496 4495 ho-

216 4515 332 4569 minem:
352 4517 472 4571 111711,
488 4547 522 4555 -
536 4532 587 4568 uas
606 4531 666 4568 esse
685 4515 775 4568 Nico:
795 4529 875 4566 vasso
889 4513 916 4566 A
934 4530 1000 4567 vase
1015 4515 1043 4567 B
1104 4520 1155 4568 564
1174 4514 1270 4568 oculus
1289 4513 1362 4583 ipse:
1382 4515 1495 4568 cerbIt.

217 4592 268 4640 566
287 4603 337 4656 per
355 4588 550 4657 11117111-
564 4585 657 4639 mixti:
677 4586 746 4639 verb.
762 4585 839 4638 Nico.
904 4590 954 4638 571
974 4602 1096 4640 movere:
1116 4587 1184 4639 verb.
1200 4585 1296 4638 Lomb.
1365 4584 1496 4637 5731111-

216 4674 292 4711 mam
310 4657 389 4712 serit:
409 4659 478 4712 verb.
494 4658 590 4712 Lamb.
610 4689 644 4696 —
660 4656 696 4710 si:
716 4656 756 4710 sic
775 4655 802 4708 A
866 4661 917 4709 574
936 4656 966 4709 in
985 4673 1014 4710 11
1034 4657 1156 4710 animam
1180 4657 1271 4710 Waltz
1291 4672 1352 4708 sese
1371 4659 1442 4725 (esse
1456 4657 1495 4725 Β)

218 4728 313 4781 anima
376 4734 427 4783 576
446 4746 533 4798 quare
552 4728 605 4783 13²:
625 4744 698 4796 quae
715 4728 744 4782 A
762 4743 816 4795 que
835 4728 863 4779 B
927 4733 978 4780 578
996 4728 1111 4783 satiare:
1130 4728 1199 4782 oab.
1214 4725 1256 4779 A²
1322 4733 1496 4794 5801111111-

217 4816 296 4869 apar:
316 4801 385 4854 verb.
401 4800 443 4854 Ba
515 4802 686 4854 582ex1t.:
711 4816 745 4853 ea
817 4803 869 4852 583
890 4798 1075 4855 animosius:
1099 4800 1218 4854 uerblt.
1293 4803 1343 4852 586
1362 4801 1496 4852 manante

217 4870 312 4925 anima
330 4888 418 4939 usque
437 4872 560 4939 Lacboa,
580 4871 675 4925 anima
693 4873 842 4925 emanante
865 4871 957 4926 Wala:
978 4874 1097 4925 manant
1115 4869 1281 4936 animaeque
