3442 5574
629 1179 671 1263 Τ.
704 1178 932 1264 uuonan
966 1177 1090 1264 CARI

437 1385 543 1482 DE
588 1385 886 1485 RERUM
930 1385 1281 1485 NATURA

685 1612 1035 1680 umnannanus,

331 1971 359 2036 E
383 1972 526 2037 tenebris
549 1973 652 2037 tantis
675 1977 743 2038 tam
766 1975 887 2038 clarum
910 1972 1062 2036 extollere
1085 1971 1194 2035 lumen

332 2080 388 2162 qui
411 2081 534 2164 primus
558 2080 696 2164 potuisti
719 2080 896 2144 inlustrans
920 2077 1086 2144 commoda
1108 2077 1210 2163 uitae,

333 2189 365 2248 te
389 2206 520 2274 sequor,
543 2209 561 2251 o
586 2186 702 2252 Graiae
725 2189 832 2273 gantis
856 2187 965 2273 decus,
988 2186 1085 2270 inquc
1108 2185 1174 2249 tuis
1196 2205 1281 2247 nuno

330 2293 407 2357 ficta
429 2294 546 2378 pedum
568 2316 654 2378 pono
678 2296 798 2378 pressis
821 2294 960 2380 uestigia
983 2293 1099 2378 signia,

330 2399 467 2464 nonita
490 2400 632 2464 certandi
656 2400 789 2484 cupidus
814 2423 911 2485 quam
933 2403 1064 2484 propter
1088 2420 1228 2463 amorem

332 2506 419 2590 quod
441 2511 474 2571 te
497 2507 618 2571 imitari
642 2530 734 2572 aueo:
759 2509 837 2593 quid
861 2508 945 2573 enim
968 2505 1140 2570 contendat
1161 2505 1299 2569 hirundo

331 2613 452 2698 cycnis,
477 2617 533 2677 aut
557 2613 710 2697 quidnam
733 2614 880 2678 tremulis
904 2614 1006 2677 facere
1029 2613 1164 2676 artubus
1186 2612 1279 2676 haedi

331 2718 497 2784 consimile
520 2719 674 2784 incursu
697 2722 824 2805 possint
847 2725 880 2784 et
902 2719 997 2784 fortis
1021 2719 1192 2803 equinis?

331 2830 383 2913 tu,
406 2831 511 2914 pater,
534 2850 567 2891 es
591 2850 698 2892 rerum
721 2828 885 2915 inuentor,
908 2832 945 2891 tu
968 2827 1073 2911 patria
1095 2827 1191 2890 nobis

331 2935 518 3018 suppeditas
540 2939 724 3021 praccepta,
747 2936 876 3020 tuisque
900 2957 951 3020 ex,
973 2934 1106 3019 inclute,
1129 2933 1264 3022 chartis,

331 3039 481 3106 floriferis
505 3046 543 3106 ut
566 3063 641 3126 apes
665 3043 700 3105 in
723 3043 861 3107 saltibus
885 3043 992 3106 omnia
1014 3041 1132 3124 libant,

332 3148 439 3212 omnia
460 3170 521 3213 nos
544 3149 656 3213 itidem
680 3149 880 3233 depascimur
904 3171 999 3213 aurea
1023 3148 1121 3233 diota,

332 3277 440 3342 aurea,
463 3260 619 3340 perpetua
642 3278 767 3341 sempor
791 3255 981 3342 dignissima
1004 3255 1081 3318 uita.

329 3384 405 3426 nam
428 3362 525 3426 simul
548 3385 585 3426 ac
608 3364 692 3428 ratio
715 3367 773 3428 tua
795 3364 900 3448 coepit
924 3362 1093 3428 uociferari

331 3474 481 3534 naturam
503 3492 625 3557 rerum,
649 3471 758 3535 diuina
781 3475 887 3536 mente
910 3473 1033 3555 coorta,

331 3576 505 3663 diffugiunt
528 3578 627 3642 animi
650 3582 802 3663 terrores,
826 3578 952 3643 moenia
973 3577 1085 3640 mundi

331 3684 511 3772 discedunt,
533 3689 641 3749 totum
663 3686 757 3750 uideo
780 3709 837 3769 per
859 3686 954 3749 inane
977 3684 1047 3769 geri
1069 3705 1128 3747 res.

330 3797 463 3875 apparet
486 3793 596 3856 diuom
618 3814 737 3856 numen
761 3791 913 3877 sedesque
938 3791 1078 3876 quietae,

330 3920 410 3982 quas
432 3920 536 3983 neque
559 3899 750 3963 concutiunt
772 3900 862 3963 uenti
885 3920 943 3962 nec
965 3899 1078 3963 nubila
1099 3897 1219 3961 nimbis

330 4011 505 4090 aspergunt
527 4028 632 4090 neque
655 4006 711 4069 nix
736 4006 800 4071 aori
823 4009 971 4070 concreta
993 4006 1109 4089 pruina

328 4134 407 4176 cana
429 4113 543 4177 cadens
567 4114 671 4177 uiolat
694 4135 882 4197 semperque
904 4113 1070 4177 innubilus
1094 4112 1204 4176 aether

329 4218 461 4307 integit,
483 4224 515 4284 et
537 4220 626 4306 large
650 4220 766 4284 diffuso
790 4220 911 4284 lumine
934 4220 1053 4284 rident:

330 4327 438 4391 omnia
461 4327 645 4411 suppeditat
668 4350 765 4411 porro
788 4332 919 4414 natura,
941 4350 1045 4412 nequa
1068 4327 1134 4391 ulla

329 4455 380 4498 res
404 4434 503 4498 animi
526 4455 637 4517 paoem
660 4433 780 4498 delibat
804 4437 948 4517 tempore
971 4434 1006 4497 in
1028 4433 1105 4498 ullo.

218 4556 252 4604 25
330 4544 364 4604 at
387 4544 500 4604 contra
522 4562 682 4624 nusquam
705 4544 860 4624 apparent
883 4538 1060 4604 Acherusia
1082 4541 1216 4624 templa,

290 4715 468 4787 IEItloltl:
493 4715 563 4769 OA
581 4716 690 4769 schedae
714 4717 838 4782 Vindob,
856 4717 922 4782 fehlt
940 4717 1007 4769 BN
1076 4714 1216 4784 'a'cycniis
1234 4715 1262 4768 A
1331 4721 1362 4768 11
1382 4716 1495 4771 limant:

217 4789 286 4841 cert.
301 4789 464 4857 Aquarius)
501 4847 503 4852 ,
534 4794 566 4841 15
586 4789 746 4841 coortamA
765 4790 889 4841 coortam
908 4788 948 4841 B:
968 4789 1037 4842 verb.
1052 4787 1146 4841 'Orcllt
1215 4793 1247 4839 21
1263 4803 1317 4854 que
1335 4794 1447 4859 eapdaat
1460 4790 1495 4843 It.

218 4865 251 4911 22
270 4858 364 4912 rident
382 4859 508 4914 aarum:
527 4859 602 4912 ridet

270 4959 393 5000 Lucretius
406 4971 427 4999 v.
441 4960 543 5001 Hnmnn.
1268 4955 1281 5001 1
