3442 5574
655 415 764 479 LIBER
780 415 943 472 TERTIUS.

270 579 346 645 bino
368 580 555 666 indignatur
578 602 612 645 se
634 580 803 646 mortalem
826 602 895 646 esse
918 584 1074 667 creatum,

160 702 212 752 885
270 709 329 752 nec
352 686 441 752 uidet
464 687 499 750 in
520 709 597 752 uera
618 687 745 753 nullum
767 689 836 754 fore
859 691 963 754 morte
987 688 1086 754 alium
1108 710 1156 774 se,

274 794 330 878 qui
352 794 458 878 possit
480 795 575 860 uiuos
599 794 662 860 ribi
685 817 719 860 se
741 796 852 882 lugere
875 799 1089 881 peremptum,

272 904 424 986 stansque
447 901 603 966 iacentem
626 923 660 967 se
682 902 815 967 lacerari
836 903 929 967 uriue
952 901 1066 968 dolere.

271 1031 347 1074 nam
370 1009 398 1073 si
420 1008 456 1072 in
477 1012 581 1073 morte
603 1009 756 1074 malumst
777 1009 871 1074 malis
894 1031 1068 1094 morsuque
1090 1010 1231 1075 ferarum

273 1116 420 1204 tractari,
441 1137 509 1181 non
530 1115 659 1181 invenio
682 1116 739 1201 qui
761 1138 828 1181 non
850 1115 893 1180 sit
915 1117 1065 1182 acerbum

272 1223 405 1310 ignibus
427 1223 607 1307 inpositum
629 1223 740 1289 calidis
763 1227 939 1289 torrescere
961 1223 1112 1310 flammis,

273 1330 386 1396 autin
409 1331 503 1395 melle
527 1330 627 1395 situm
649 1330 812 1418 suffocari,
833 1335 930 1417 atque
953 1331 1057 1417 rigere

272 1437 406 1524 frigore,
429 1459 503 1502 cum
526 1459 652 1503 summo
675 1437 772 1524 gelidi
795 1438 892 1503 cubat
915 1460 1052 1524 aequore
1075 1438 1157 1524 saxi,

272 1544 422 1631 urgeriue
444 1566 582 1629 superne
605 1545 763 1610 obtritum
785 1545 925 1629 pondere
947 1549 1060 1611 terrae.

318 1651 397 1717 ‘lam
419 1652 484 1716 iam
506 1673 573 1716 non
596 1652 708 1718 domus
732 1653 866 1736 accipiet
888 1656 921 1717 te
942 1652 1042 1739 laeta,
1062 1675 1166 1738 neque
1188 1674 1270 1717 uxor

275 1759 398 1844 optima
419 1780 478 1824 nec
501 1758 608 1824 dulces
631 1763 798 1825 occurrent
821 1759 928 1825 oscula
949 1760 1020 1825 nati

274 1867 457 1952 praeripere
480 1870 512 1931 et
535 1866 634 1931 tacita
656 1869 768 1951 peetus
791 1866 955 1932 dulcedine
977 1870 1120 1953 tangent.

273 1995 341 2039 non
362 1974 484 2058 poteris
507 1972 601 2039 factis
624 1973 815 2039 florentibus
839 1995 907 2038 esse
929 1973 1059 2058 tuisque

275 2081 477 2166 praesidium.
523 2080 640 2146 misero
663 2081 789 2146 misere'
814 2080 905 2146 aiunt
928 2081 1048 2146 ‘omnia
1071 2080 1189 2145 ademit

274 2211 339 2254 una
362 2188 429 2253 dies
451 2188 568 2253 infesta
591 2186 653 2252 tibi
675 2190 726 2252 tot
749 2187 1022 2271 praemonitae?

272 2297 353 2362 illud
375 2296 411 2361 in
432 2295 484 2360 his
507 2294 604 2360 rebus
626 2316 694 2360 non
716 2294 849 2359 addunt:
873 2293 942 2360 ‘nec
964 2295 1027 2360 tibi
1049 2316 1159 2360 earum

273 2404 340 2469 iam
362 2401 554 2468 desiderium
576 2423 684 2466 rerum
706 2422 802 2486 super
824 2400 943 2466 insidet
966 2400 1052 2467 una'

276 2509 363 2596 quod
385 2510 466 2575 bene
489 2510 517 2574 si
539 2508 671 2573 uideant
694 2509 801 2573 animo
823 2507 981 2593 dictisque
1005 2511 1194 2594 sequantur,

274 2617 454 2683 dissoluant
477 2616 575 2681 animi
597 2636 716 2700 magno
740 2636 774 2680 se
798 2635 917 2701 angore
939 2619 1099 2700 metuque.
1119 2653 1161 2662 -

275 2726 324 2791 ‘tu
348 2724 477 2810 quidem
499 2727 537 2788 ut
559 2745 592 2788 es
615 2723 681 2788 leto
706 2722 845 2809 sopitus,
869 2722 915 2788 sic
938 2723 1001 2788 eris
1025 2723 1096 2788 aeui

276 2831 363 2918 quod
385 2853 480 2916 super
503 2834 552 2896 est
575 2830 698 2896 cunctis
722 2830 869 2914 priuatus
893 2830 1059 2896 doloribus
1082 2830 1200 2915 aegris:

275 2943 391 3006 atnoe
414 2938 565 3004 horrifico
589 2937 781 3003 cinefactum
804 2941 837 3002 te
859 2959 960 3023 prope
982 2938 1079 3003 busto

274 3046 503 3113 insatiabiliter
526 3045 727 3132 defleuimus,
749 3049 978 3130 aeternumque

274 3155 364 3221 nulla
387 3155 454 3219 dies
476 3152 572 3218 nobis
595 3173 753 3217 merorem
775 3173 793 3216 e
814 3156 945 3236 pectore
967 3151 1091 3217 demet.9

276 3261 357 3327 illud
379 3261 420 3326 ab
443 3260 506 3326 hoc
527 3260 630 3345 igitur
652 3259 915 3346 quaerendumst‚
937 3259 1015 3344 quid
1037 3259 1081 3324 sit
1103 3260 1203 3324 amari

276 3372 368 3433 tanto
391 3390 500 3454 opere,
523 3367 563 3432 ad
586 3387 734 3431 somnum
757 3368 785 3431 si
808 3388 859 3432 rer
882 3365 966 3431 redit
989 3369 1086 3450 atque
1109 3365 1263 3453 quietem,

275 3497 332 3540 our
355 3475 526 3561 quisquam
550 3478 679 3540 aeterno
702 3473 808 3558 possit
830 3473 994 3539 tabescere
1015 3472 1114 3537 luctu.
1141 3507 1194 3518 -·

274 3581 337 3648 boc
359 3583 457 3648 etiam
479 3583 602 3647 faciunt
625 3582 682 3647 ubi
704 3582 892 3647 discubuere
914 3583 1089 3664 tenentque

275 3689 390 3776 pocula
413 3711 507 3774 saepe
528 3686 676 3754 homines
700 3692 732 3754 et
755 3689 942 3754 inumbrant
965 3710 1021 3754 ora
1045 3685 1186 3772 coronis,

275 3820 314 3862 cx
337 3798 444 3862 animo
468 3800 505 3862 ut
527 3796 635 3861 dicant
658 3796 778 3862 ‘breuis
800 3796 854 3861 hic
876 3799 926 3862 est
948 3796 1073 3860 fructus
1096 3792 1262 3859 homullis:

193 3999 195 4003 Ι
275 3905 341 3970 iam
362 3904 475 3990 fuerit,
496 3925 600 3988 neque
622 3907 698 3988 post
721 3925 874 3988 umquam
897 3924 1047 3968 reuocare
1068 3901 1199 3967 licebit?

276 4015 442 4096 tamun
463 4011 500 4075 in
522 4013 626 4076 morte
648 4010 726 4075 mali
748 4033 822 4075 cum
844 4010 957 4094 primis
979 4008 1042 4074 boc
1065 4008 1109 4074 sit
1131 4030 1257 4096 eorum,

276 4119 362 4204 quod
385 4118 457 4183 sitis
482 4121 595 4183 exurat
616 4118 752 4183 miseros
776 4121 873 4203 atque
896 4116 985 4182 arida
1007 4118 1126 4203 torret,

276 4230 332 4291 aut
355 4225 436 4290 aliae
459 4226 550 4291 cuius
574 4224 766 4291 desiderium
788 4225 926 4290 insideat
948 4224 1003 4289 rei.

275 4354 333 4397 nec
356 4332 420 4398 sibi
443 4332 528 4397 enim
551 4333 723 4417 quisquam
745 4336 816 4398 tum
839 4353 874 4397 se
896 4333 1061 4417 uitamque
1084 4330 1235 4417 requirit,

166 4457 218 4505 920
276 4461 349 4504 curn
370 4438 493 4524 pariter
515 4461 605 4504 mens
628 4443 661 4504 et
683 4461 800 4524 corpus
824 4440 931 4524 sopita
954 4439 1134 4524 quiescunt:

235 4601 287 4652 886
307 4595 364 4651 cui:
383 4598 453 4652 verb.
468 4599 504 4652 It.
560 4601 610 4650 887
631 4613 661 4651 se
678 4599 778 4668 erplt.
793 4629 827 4638 —
843 4597 938 4651 dolore
952 4597 980 4651 A
998 4613 1070 4651 -rem
1088 4596 1128 4650 B:
1147 4597 1217 4650 verb.
1232 4596 1267 4650 It.
1322 4598 1444 4651 890101-

163 4684 331 4723 reresecere:
354 4669 424 4723 verb.
443 4670 479 4723 1t.
579 4673 631 4721 899
654 4669 797 4723 obrutum:
823 4669 892 4724 corb.
908 4669 988 4722 Paret.
1004 4669 1081 4722 Mor.
1181 4671 1233 4721 894
1256 4664 1372 4721 iamiam
1394 4669 1444 4722 It:

165 4738 269 4793 amiam
278 4740 345 4795 AN
360 4738 514 4794 uimiamB
568 4744 619 4794 897
638 4738 722 4795 facti:
737 4741 807 4795 corb.
821 4739 864 4793 Β*
918 4745 969 4793 909
989 4739 1064 4808 quod
1083 4739 1174 4794 Nico:
1193 4754 1249 4806 quo
1299 4737 1444 4792 90801110-

164 4810 272 4865 factum
285 4811 400 4880 Ncap.
416 4815 464 4866 93:
480 4810 678 4865 cinemfactum
737 4811 886 4866 9080132:
906 4813 935 4866 et
993 4815 1046 4864 910
1060 4809 1084 4864 si
1097 4808 1150 4864 A¹:
1171 4825 1200 4863 se
1259 4815 1311 4863 914
1330 4808 1444 4864 fluctus:

164 4883 234 4937 cert.
249 4883 285 4937 1.
349 4887 399 4937 917
418 4884 509 4937 torrat
526 4882 648 4938 A¹BN=
666 4886 756 4937 torret
768 4884 796 4937 A
814 4885 903 4939 torres
921 4883 1034 4939 Lactm.
1098 4886 1150 4936 919
1168 4879 1304 4949 requiret:
1323 4882 1392 4937 verb.
1407 4881 1443 4936 It.
