3442 5574
292 416 335 482 28
583 419 613 474 Τ.
633 418 789 475 LUORETI
807 419 891 476 CARI
909 420 957 474 DE
976 420 1105 476 RERUM
1123 421 1275 476 NATURA

403 587 459 648 aut
481 583 544 648 alia
567 583 682 668 queuis
706 583 855 648 scindunt
878 585 1054 669 cuppedine
1077 607 1179 652 curae.

310 706 361 755 111
403 688 561 776 Sisyphus
584 693 620 755 in
640 691 711 756 uita
734 713 861 776 quoque
882 692 978 756 nobis
1001 697 1076 759 ante
1099 693 1208 759 oculos
1232 698 1295 783 est,

402 798 458 882 qui
481 802 588 883 petere
611 821 630 862 a
652 798 773 883 populo
796 800 897 865 fasces
921 822 1097 885 saeuasque
1120 821 1245 866 secures

401 905 545 991 imbibit,
567 912 600 970 et
623 927 748 990 semper
770 905 875 971 uictus
898 907 1067 992 tristiaque
1089 907 1216 972 recedit.

401 1034 477 1077 nam
500 1015 607 1096 petere
630 1012 814 1100 imperium,
836 1013 923 1098 quod
945 1014 1072 1080 inanest
1093 1036 1152 1079 nec
1175 1014 1269 1080 datur
1293 1038 1459 1103 umquam,

402 1123 499 1204 atque
522 1120 557 1184 in
579 1142 617 1185 eo
642 1142 767 1204 semper
789 1120 905 1185 durum
928 1121 1060 1187 sufferre
1082 1120 1240 1209 laborem,

401 1225 463 1293 hoo
486 1231 535 1292 est
558 1228 693 1293 aduerso
715 1228 881 1293 nixantem
903 1227 1031 1293 trudere
1054 1231 1163 1294 monte

402 1357 529 1422 saxum,
553 1336 638 1421 quod
660 1339 769 1401 tamen
792 1358 809 1400 e
832 1356 957 1400 summo
981 1336 1046 1400 iam
1068 1337 1188 1402 uertice
1211 1360 1323 1404 rusum

402 1442 548 1507 uoluitur
570 1445 603 1507 et
625 1443 715 1528 plani
736 1442 857 1526 raptim
879 1442 963 1526 petit
985 1465 1125 1528 aequora
1147 1445 1259 1528 campi.

401 1549 513 1614 deinde
536 1549 634 1614 animi
656 1550 819 1636 ingratam
840 1553 990 1614 naturam
1012 1572 1141 1634 pascere
1165 1573 1304 1638 semper,

401 1660 497 1741 atque
519 1656 647 1740 explere
670 1656 765 1722 bonis
788 1656 885 1721 rebus
909 1657 1090 1742 satiareque
1111 1680 1286 1744 numquam
1312 1697 1355 1706 —

401 1763 488 1848 quod
509 1763 632 1829 faciunt
654 1764 750 1830 nobis
773 1785 931 1829 annorum
953 1767 1114 1852 tempora,
1137 1765 1257 1831 circum

400 1894 473 1936 oum
495 1871 630 1936 redeunt
652 1870 801 1955 fetusque
823 1871 933 1935 ferunt
955 1872 1127 1957 uariosque
1149 1872 1290 1959 lepores,

396 1999 455 2043 neo
477 1982 586 2043 tamen
608 1977 772 2061 explemur
794 1977 876 2043 uitai
899 1978 1057 2044 fructibus
1083 2002 1236 2065 umquam
1266 2019 1309 2026 —

398 2084 474 2171 hoo,
495 2088 533 2149 ut
555 2084 685 2172 opinor,
707 2084 741 2148 id
763 2088 826 2173 est,
849 2106 928 2150 aeuo
952 2085 1086 2151 florente
1105 2087 1228 2171 puellas

399 2192 485 2278 quod
507 2194 687 2256 memorant
709 2191 839 2258 laticem
861 2197 1030 2278 pertusum
1052 2215 1224 2280 congerere
1247 2194 1282 2259 in
1304 2217 1377 2283 uas,

399 2299 486 2385 quod
507 2302 616 2364 tamen
639 2300 760 2383 expleri
781 2299 872 2365 nulla
894 2302 1020 2366 ratione
1042 2305 1198 2387 potestur.

398 2403 556 2471 Cerberus
580 2409 611 2470 11
634 2405 750 2471 Furiae
772 2407 837 2471 iam
859 2429 953 2493 uero,
975 2410 1009 2472 et
1031 2408 1112 2474 lucis
1136 2413 1275 2496 egestae,

399 2513 552 2578 Tartarus
574 2512 750 2579 horriferos
774 2516 922 2579 eructans
945 2515 1092 2581 faucibus
1116 2519 1240 2602 aestus3

399 2621 455 2705 qui
476 2643 579 2706 neque
603 2625 679 2686 sunt
702 2643 838 2705 usquam
860 2642 919 2686 nec
941 2625 1079 2707 possunt
1102 2644 1171 2688 esse
1194 2622 1353 2708 profecto:

399 2728 454 2793 sed
476 2731 581 2794 metus
604 2728 639 2793 in
661 2728 730 2793 uita
752 2750 928 2812 poenarum
949 2750 1009 2814 pro
1032 2730 1115 2795 male
1137 2729 1232 2794 factis

398 2838 448 2900 est
470 2835 652 2921 insignibus
676 2835 829 2923 insignis,
853 2836 1044 2921 scelerisque
1066 2836 1163 2902 luella
1266 2908 1269 2913 ,

397 2964 504 3009 career
526 2946 559 3008 et
581 2942 746 3008 horribilis
770 2942 807 3007 de
832 2964 909 3008 saxo
933 2944 1036 3009 iactus
1061 2943 1209 3010 deorsum

397 3050 529 3115 verbera
552 3050 716 3115 carnifices
739 3050 840 3115 robur
862 3051 919 3134 pix
941 3050 1093 3117 lammina
1115 3052 1241 3138 taedae;

398 3180 480 3243 quae
503 3156 696 3222 tamenetsi
720 3157 852 3245 absunt,
875 3160 909 3222 11
932 3168 1036 3246 mens,
1059 3159 1123 3225 sibi
1145 3159 1274 3225 conscia
1296 3160 1405 3246 factis,

396 3268 620 3350 praemetuens
643 3263 775 3330 adhibet
798 3265 946 3330 stimulos
970 3268 1165 3352 torquetque
1187 3266 1338 3353 flagellis,

395 3394 455 3438 nec
477 3372 564 3438 videt
586 3372 709 3437 interea
733 3372 789 3457 qui
812 3372 969 3438 terminus
992 3394 1062 3438 esse
1083 3374 1243 3439 malorum

395 3481 501 3567 possit
522 3501 581 3544 nec
604 3501 685 3564 quae
709 3479 752 3544 sit
774 3500 951 3564 poenarum
974 3478 1110 3564 denique
1132 3481 1221 3568 finis,

397 3590 493 3673 atque
516 3587 625 3652 eadem
648 3586 765 3652 metuit
787 3586 891 3672 magis
913 3586 992 3650 haec
1013 3608 1055 3651 ne
1077 3588 1112 3650 in
1133 3591 1239 3652 morte
1262 3592 1460 3674 grauescunt.

394 3695 448 3761 hic
469 3693 646 3760 Acherusia
668 3695 707 3759 fit
731 3693 906 3758 stultorum
928 3692 1064 3777 denique
1086 3694 1164 3759 uita.

438 3802 511 3867 Hoc
533 3803 631 3866 etiam
654 3800 716 3866 tibi
739 3804 809 3865 tute
831 3800 994 3864 interdum
1017 3800 1119 3865 dicere
1141 3802 1262 3884 possis:

396 3910 530 3976 ‘lumina
552 3909 597 3974 sis
621 3908 723 3973 oculis
747 3907 844 3972 etiam
866 3907 971 3971 bonus
995 3903 1105 3971 Ancus
1128 3907 1275 3995 reliquit,

395 4018 451 4102 qui
474 4017 589 4082 melior
611 4015 723 4081 multis
747 4036 844 4099 quam
866 4018 904 4078 tu
926 4013 1004 4100 fuit,
1027 4013 1186 4101 improbe,
1208 4014 1313 4080 rebus.

394 4124 468 4189 inde
492 4124 548 4189 alii
570 4123 666 4189 multi
689 4142 780 4208 reges
803 4143 974 4207 rerumque
996 4124 1144 4205 potentes

394 4231 591 4318 oeciderunt,
612 4229 739 4316 magnis
762 4229 819 4314 qui
842 4228 993 4315 gentibus
1016 4228 1252 4312 imperitarunt.

394 4340 449 4404 ille
472 4360 600 4425 quoque
623 4337 706 4424 ipse,
728 4337 815 4401 uiam
839 4336 896 4421 qui
918 4335 1080 4420 quondam
1103 4358 1160 4422 per
1182 4358 1270 4402 111111
1293 4358 1446 4423 magnum

283 4465 351 4513 1030
394 4447 512 4513 strauit
533 4446 659 4529 iterque
682 4443 769 4508 dedit
790 4442 973 4529 legionibus
997 4442 1044 4508 ire
1066 4466 1124 4529 per
1147 4443 1250 4509 altum

344 4599 1369 4731 19411ῗῶ119ἓὲῗῗθὼθέἐθίἕῗρῖεῗέἒῗ0111111θῖ11
1404 4601 1564 4729 affl.

282 4692 612 4817 1111111111111
662 4689 812 4799 1111011111
823 4690 896 4799 bero.
905 4714 982 4798 Nice.
1035 4713 1209 4797 iorrfunae:
1224 4741 1345 4797 11111Ξ
1368 4690 1464 4799 ⁹'1ols
1475 4692 1564 4799 1111111

281 4818 407 4874 Laetum:
426 4818 504 4872 luela
568 4822 636 4871 1016
655 4817 785 4871 deorsum
803 4815 913 4869 Lamb:
934 4829 1030 4867 eorum
1094 4818 1160 4869 1017
1181 4813 1319 4868 carnificis
1333 4816 1361 4868 B
1376 4815 1564 4870 -lammina

282 4890 408 4947 Lactora:
427 4887 563 4944 lammina
576 4888 637 4942 AB
655 4886 762 4941 lamina
776 4886 818 4941 B2
891 4889 960 4938 1019
979 4885 1093 4952 torquet
1105 4884 1213 4953 Heius,
1229 4887 1317 4940 terret
1330 4886 1456 4943 Laetam:
1475 4890 1565 4942 torret
