3442 5574
660 416 769 471 LIBER
787 417 949 473 TERTIUS.

275 579 330 644 sed
353 580 429 664 quia
453 602 577 665 semper
600 602 675 645 aues
699 580 785 665 quod
808 581 913 668 abest,
935 583 1118 666 praesentia
1140 583 1273 668 temnis,

274 687 450 772 inperfecta
472 688 534 753 tibi
548 687 699 772 'elapsast
722 688 914 774 ingrataque
937 689 1021 775 uita,

276 797 309 859 et
330 794 538 878 necopinanti
561 817 648 860 mors
671 794 712 860 ad
734 799 830 880 caput
853 796 981 861 adstitit
1004 801 1078 861 ante

276 925 373 986 quam
396 905 488 966 satur
511 923 549 967 ac
570 902 684 986 plenus
707 903 813 986 possis
837 903 994 968 discedere
1018 926 1133 969 rerum.

275 1032 361 1075 nuno
384 1009 488 1074 aliena
511 1013 568 1075 tua
586 1013 695 1074 tamen
717 1014 822 1075 aetate
846 1011 953 1076 omnia
975 1011 1070 1076 mitte

275 1139 377 1202 aequo
402 1117 586 1204 animoque,
609 1117 757 1205 agedum,
780 1117 930 1203 *magnis
953 1118 1100 1184 concede:
1122 1120 1303 1184 necessest?

275 1225 359 1311 iure,
381 1228 419 1290 ut
442 1224 572 1311 opinor,
594 1227 684 1311 agat,
705 1225 775 1289 iure
797 1225 939 1308 increpet
961 1225 1148 1311 inciletque:

274 1331 358 1397 cedit
381 1330 467 1396 enim
489 1353 597 1396 rerum
619 1332 767 1397 nouitate
790 1335 920 1397 extrusa
943 1336 1088 1397 uetustas

275 1461 413 1526 semper,
436 1443 468 1503 et
492 1461 531 1503 ex
554 1438 626 1503 aliis
650 1438 738 1503 aliud
759 1459 907 1522 reparare
930 1443 1098 1505 necessest.

273 1567 332 1610 nec
354 1546 526 1632 quisquam
548 1546 583 1610 in
605 1546 772 1611 baratrum
793 1567 852 1611 nec
874 1545 1009 1612 Tartara
1031 1546 1158 1611 deditur
1181 1550 1264 1612 atra:

274 1652 423 1719 materies
448 1674 528 1736 opus
552 1656 617 1740 est,
640 1657 677 1718 ut
700 1657 844 1719 crescant
866 1657 996 1737 postera
1019 1653 1135 1740 saecla3

275 1782 357 1844 quae
380 1764 489 1826 tamen
511 1761 619 1825 omnia
641 1764 674 1825 te
696 1761 766 1826 uita
788 1761 958 1846 perfuncta
981 1764 1167 1845 sequentur:

272 1889 332 1932 nec
354 1867 461 1932 minus
485 1887 561 1953 ergo
586 1867 720 1933 antehac
743 1890 839 1953 quam
862 1871 899 1932 tu
923 1867 1061 1933 cecidere
1084 1867 1268 1953 cadentque.

274 1975 321 2039 sic
344 1974 410 2039 alid
432 1996 471 2038 ex
494 1974 558 2040 alio
581 1996 759 2059 numquam
781 1974 915 2039 desistet
939 1974 1030 2058 oriri,

273 2082 405 2167 uitaque
428 2082 588 2166 mancipio
611 2082 694 2147 nulli
716 2082 826 2168 datur,
848 2081 998 2162 omnibus
1021 2103 1090 2145 usu.

316 2187 453 2273 Respice
475 2190 554 2254 item
578 2212 675 2274 quam
696 2189 745 2254 nil
768 2188 808 2254 ad
830 2210 891 2254 nos
915 2192 989 2254 ante
1014 2192 1085 2253 acta
1107 2192 1254 2254 uetustas

272 2297 428 2381 temporis
452 2297 574 2362 aeterni
595 2296 709 2382 fuerit,
732 2317 829 2380 quam
851 2295 1013 2361 nascimur
1036 2299 1119 2361 ante.

271 2402 334 2468 hoc
357 2404 459 2490 igitur
482 2403 647 2488 speculum
668 2403 765 2468 nobis
787 2405 905 2467 natura
927 2403 1030 2467 futuri

274 2511 429 2594 temporis
453 2511 586 2595 exponit
608 2513 684 2593 post
706 2512 845 2574 mortem
869 2508 1005 2593 denique
1028 2513 1182 2574 nostram.

272 2617 430 2703 numquid
452 2618 499 2682 ibi
521 2615 677 2682 horribile
702 2620 848 2703 apparet,
870 2638 949 2680 num
971 2617 1066 2680 triste
1089 2615 1217 2680 uidetur

274 2724 458 2812 quicquam,
480 2746 547 2790 non
570 2723 656 2789 omni
681 2745 793 2789 somno
817 2723 959 2788 securius
983 2723 1111 2788 exstat?

274 2834 372 2916 atque
394 2853 446 2918 ea,
466 2852 633 2918 mmrrum,
656 2853 873 2916 quaecumque
896 2829 1082 2896 Acherunte
1104 2830 1263 2914 profundo

273 2939 401 3022 prodita
424 2942 501 3003 sunt
524 2959 606 3023 esse,
628 2939 664 3002 in
686 2939 756 3002 uita
779 2942 856 3003 sunt
880 2938 987 3002 omnia
1009 2937 1112 3002 nobis.

273 3067 332 3110 nec
353 3045 452 3109 miser
474 3044 649 3129 inpendens
673 3064 826 3129 magnum
849 3043 943 3108 timet
966 3066 1037 3109 aere
1061 3066 1174 3109 saxum

274 3150 445 3238 Tantalus,
467 3155 505 3216 ut
526 3152 659 3238 famast,
681 3173 772 3216 cassa
794 3151 964 3216 formidine
987 3155 1132 3235 torpens:

274 3258 329 3324 sed
350 3259 455 3344 magis
477 3258 512 3323 in
534 3258 604 3323 uita
627 3257 736 3322 diuom
758 3260 863 3322 metus
887 3261 981 3343 urget
1003 3256 1108 3322 inanis

272 3365 434 3451 mortalis,
459 3387 630 3450 casumque
652 3365 769 3430 timent
791 3386 887 3449 quem
909 3364 1023 3449 cuique
1045 3365 1128 3429 ferat
1150 3366 1227 3430 fors.

272 3494 330 3537 nec
353 3472 474 3558 Tityon
496 3472 644 3538 uolucres
666 3474 780 3537 ineunt
802 3470 986 3537 Acherunte
1009 3471 1178 3559 iacentem,

272 3601 332 3645 nec
356 3580 444 3666 quod·
465 3580 525 3645 sub
548 3601 665 3666 magno
690 3582 873 3645 scrutentur
895 3581 1025 3663 pectore
1048 3580 1220 3665 quicquam

274 3691 462 3772 perpetuam
486 3691 624 3752 aetatem
647 3689 785 3771 possunt
807 3686 946 3770 reperire
969 3687 1121 3770 profecto.

274 3794 452 3878 quamlibet
475 3795 609 3859 immani
631 3794 777 3878 proiectu
800 3793 943 3878 corporis
967 3798 1084 3881 exstet,

275 3902 331 3985 qui
353 3923 420 3966 non
443 3901 512 3967 sola
533 3924 652 3967 nouem
674 3900 827 3985 dispessis
850 3902 961 3987 iugera
983 3903 1137 3967 membris

275 4008 434 4095 optineat,
457 4008 512 4073 sed
536 4009 592 4094 qui
614 4008 713 4074 terrai
736 4008 838 4073 totius
862 4008 986 4094 orbem,

273 4136 341 4181 non
363 4118 472 4181 tamen
494 4120 660 4182 aeternum
682 4115 803 4200 poterit
825 4115 966 4200 perferre
989 4116 1133 4181 dolorem

273 4243 333 4286 nec
355 4223 507 4306 praebere
530 4224 636 4289 cibum
660 4222 791 4308 proprio
815 4222 853 4286 de
876 4243 1009 4307 corpore
1033 4245 1166 4308 semper.

274 4328 329 4393 sed
351 4329 465 4415 'Iityos
487 4331 583 4396 nobis
605 4330 659 4395 hic
682 4333 745 4417 est,
767 4329 803 4394 in
826 4352 933 4395 amore
956 4330 1123 4396 iacentem,

274 4457 369 4520 quem
391 4436 538 4501 uolucres
561 4436 704 4502 lacerant
727 4440 823 4521 atque
847 4440 936 4502 exest
959 4439 1073 4503 anxius
1098 4460 1200 4524 angor

233 4670 284 4720 968
308 4664 474 4735 inperfecte:
498 4667 567 4721 oerb.
587 4668 622 4723 It.
705 4673 757 4721 966
781 4664 900 4720 discere:
924 4667 993 4720 corb.
1011 4667 1088 4722 Nico.
1171 4672 1222 4723 969
1247 4670 1368 4739 agedum
1391 4673 1440 4727 It:

162 4737 303 4807 agendum
329 4770 363 4778 -
390 4736 513 4809 magnis:
541 4737 600 4792 iam
623 4736 687 4792 aliis
711 4739 797 4805 Mar,
820 4736 914 4806 dignis
937 4736 1048 4793 Locbm.
1136 4744 1187 4793 964
1211 4739 1286 4795 cedi:
1315 4743 1383 4796 verb.
1403 4744 1438 4798 It.

163 4813 214 4862 966
229 4807 346 4863 deditB
396 4815 447 4864 969
467 4808 588 4865 antehac
606 4817 722 4865 ommate
735 4810 790 4864 ich:
811 4812 877 4863 ante
895 4808 966 4863 haec
1016 4814 1067 4863 988
1080 4812 1236 4878 cumqueB
1290 4817 1341 4867 986
1357 4812 1439 4882 quid:

162 4879 231 4935 ocrb.
247 4880 324 4934 Mar.
389 4885 440 4935 988
460 4879 605 4952 dispersis:
624 4883 693 4936 ucrb.
715 4881 858 4936 Turnebus
930 4886 981 4935 998
1001 4884 1043 4936 est
1061 4881 1114 4936 13²:
1134 4898 1163 4937 es
