3442 5574
215 424 256 487 12
505 423 535 476 Τ.
554 423 710 478 LUCRETI
729 422 813 478 CARI
832 422 880 475 DE
899 422 1030 477 RERUM
1047 423 1199 478 NATURA

323 591 356 652 et
378 587 501 673 gelidos
525 590 613 652 artus
637 587 672 651 in
694 586 753 651 leti
774 587 897 673 frigore
919 587 1048 671 linquit.

325 698 358 758 at
381 698 490 759 manet
513 694 548 758 in
570 694 640 758 uita
663 694 715 758 cui
737 716 826 759 mens
849 695 1041 779 animusque
1063 696 1226 760 remansit.

325 801 473 886 quamuis
497 804 547 865 est
570 801 689 866 circum
712 802 812 866 caesis
834 802 920 868 lacer
945 803 1087 887 undique
1110 802 1278 888 membris,

324 912 473 995 truncus,
495 908 642 992 adempta
665 908 771 973 anima
794 908 913 973 circum
937 908 1153 993 membrisque
1176 914 1299 974 remota

324 1017 410 1080 uiuit
433 1019 465 1080 et
489 1014 646 1080 aetherias
670 1015 779 1080 uitalis
804 1016 939 1100 suscipit
963 1038 1069 1081 auras:

325 1125 441 1188 sinon
464 1122 669 1208 omnimodis,
692 1127 725 1187 at
748 1143 864 1208 magna
886 1127 978 1207 parte
1001 1123 1119 1188 animai

324 1230 487 1316 priuatus,
508 1233 616 1294 tamen
637 1230 673 1294 in
694 1231 764 1294 uite
786 1233 955 1294 cunctatur
979 1234 1011 1294 et
1033 1229 1158 1316 haeret3

325 1341 377 1422 ut,
398 1337 538 1402 lacerato
562 1337 654 1402 oculo
678 1337 798 1401 circum
822 1338 850 1401 si
873 1337 995 1421 pupula
1016 1339 1135 1403 mansit

324 1444 510 1531 incolumis,
532 1448 598 1509 stat
621 1444 774 1509 cernundi
797 1445 910 1509 uiuata
932 1449 1092 1530 potestas,
1180 1498 1182 1501 .

329 1551 402 1615 dum
427 1552 521 1615 modo
544 1573 584 1615 ne
607 1555 714 1616 totum
737 1573 924 1636 corrumpas
947 1552 1079 1617 luminis
1103 1553 1214 1617 orbem

329 1663 361 1723 et
384 1658 503 1723 circum
525 1658 637 1723 caedas
661 1658 760 1723 aciem
784 1658 949 1744 solamque
972 1659 1149 1744 relinquas:

328 1766 363 1831 id
386 1787 512 1850 quoque
536 1766 621 1829 enim
645 1765 713 1829 sine
735 1765 875 1849 pernicie
896 1788 964 1830 non
986 1766 1042 1830 fiet
1066 1789 1184 1831 eorum.

328 1877 361 1938 at
385 1874 412 1937 si
435 1872 562 1936 tantula
584 1894 659 1955 pars
683 1872 767 1936 oculi
790 1872 894 1937 media
915 1872 973 1936 ille
995 1876 1153 1959 peresast,

328 1979 444 2046 occidit
466 1979 626 2062 extemplo
649 1978 759 2044 lumen
781 1980 995 2064 tenebraeque
1019 1984 1185 2067 secuntur,

328 2087 498 2152 incolumis
522 2087 669 2170 quamuis
694 2087 847 2171 alioquist
871 2086 1055 2171 splendidus
1080 2087 1177 2152 orbis.

327 2196 389 2259 hoc
412 2195 518 2258 anima
541 2199 638 2278 atque
661 2193 786 2259 animus
810 2195 912 2259 uincti
936 2199 1012 2259 sunt
1034 2194 1161 2260 foedere
1185 2217 1317 2280 semper.

372 2299 468 2365 Nunc
490 2322 564 2388 age,
585 2302 715 2366 natiuos
739 2301 957 2366 animantibus
981 2305 1013 2366 et
1035 2302 1182 2367 mortalis

328 2430 397 2473 esse
421 2408 543 2473 animos
567 2409 753 2493 animasque
775 2409 858 2473 leuis
881 2413 918 2473 ut
940 2431 1071 2474 noscere
1094 2409 1215 2495 possis,

328 2516 510 2599 conquisita
532 2516 587 2581 diu
610 2515 758 2600 dulcique
780 2520 907 2600 reperta
929 2516 1041 2581 labore

330 2624 426 2709 digna
449 2627 505 2687 tua
528 2644 660 2708 pergam
682 2623 851 2707 disponere
874 2625 1015 2688 carmina
1036 2624 1113 2688 uita.

329 2734 365 2794 tu
387 2729 438 2795 fac
461 2735 633 2814 utrumque
656 2753 721 2795 uno
746 2730 922 2816 subiungas
945 2732 1074 2796 nominc
1097 2754 1208 2796 eorum

329 2841 425 2921 atque
448 2837 587 2902 animam
609 2837 701 2902 uerbi
724 2859 820 2902 causa
843 2860 915 2903 cum
938 2838 1040 2903 dicere
1063 2860 1209 2925 pergam,

328 2946 496 3009 mortalem
519 2966 589 3009 esse
611 2943 741 3031 docens,
764 2944 907 3009 animum
930 2967 1058 3030 quoque
1080 2945 1182 3010 dicere
1206 2945 1328 3031 credas,

329 3055 487 3136 quatenus
511 3055 560 3117 est
582 3073 682 3116 unum
705 3053 791 3117 inter
814 3073 848 3116 se
871 3053 1104 3136 coniunctaque
1127 3073 1178 3116 res
1203 3055 1259 3116 est.

372 3158 536 3243 Principio
560 3159 712 3243 quoniam
734 3164 863 3224 tenuem
886 3164 1033 3225 constare
1055 3159 1190 3224 minutis

328 3267 517 3351 corporibus
541 3266 634 3331 docui
656 3267 824 3352 multoque
846 3267 1025 3332 minoribus
1049 3289 1117 3332 esse

328 3375 494 3459 principiis
516 3376 634 3439 factam
658 3397 753 3458 quam
777 3374 919 3458 liquidus
943 3396 1036 3438 umor
1059 3374 1154 3458 aquai

329 3485 386 3546 aut
407 3481 525 3546 nebula
548 3486 604 3546 aut
627 3483 734 3547 fumus
759 3521 800 3527 —
824 3504 900 3545 nam
922 3481 1018 3566 longe
1040 3480 1222 3544 mobilitate

328 3592 471 3672 praestat
493 3593 525 3653 et
549 3613 567 3652 a
589 3590 680 3653 tenui
703 3611 798 3652 cause
820 3589 923 3674 magis
946 3589 1010 3652 icta
1033 3590 1196 3672 mouetur,

330 3695 450 3778 quippe
473 3695 529 3758 ubi
552 3694 748 3780 imaginibus
769 3694 850 3759 fumi
872 3692 1071 3777 nebulaeque
1093 3697 1254 3758 mouetur:

330 3802 415 3885 quod
438 3821 539 3886 genus
561 3801 595 3864 in
618 3801 739 3866 somnis
762 3802 860 3885 sopiti
883 3801 940 3865 ubi
964 3800 1123 3865 cernimus
1148 3801 1212 3864 alte

329 3907 454 3972 exulare
477 3929 630 3990 uaporem
653 3908 768 3972 altaria
790 3908 936 3991 ferreque
959 3907 1096 3971 fumum:

327 4037 403 4079 nam
426 4014 539 4099 procul
560 4014 639 4078 haec
661 4015 759 4079 dubio
781 4015 877 4079 nobis
901 4013 1071 4078 simulacra
1094 4015 1242 4077 feruntur
1266 4015 1308 4058 -“

328 4144 413 4186 nunc
436 4122 537 4208 igitur
561 4121 713 4206 quoniam
736 4121 897 4206 quassatis
921 4120 1062 4205 undique
1085 4121 1173 4185 uasis

329 4229 473 4293 diffluere
496 4250 640 4293 umorem
664 4232 696 4292 et
718 4228 847 4292 laticem
870 4228 1028 4292 discedere
1051 4227 1168 4312 cerniS,

330 4340 362 4400 et
384 4336 501 4401 nebula
524 4336 690 4400 aciamus
713 4335 866 4418 quoniam
889 4334 1023 4399 discedit
1045 4335 1081 4398 in
1104 4356 1213 4421 auras,

330 4443 420 4507 crede
444 4443 582 4507 animam
606 4464 734 4527 quoque
757 4441 891 4506 diffundi
913 4442 1081 4525 multoque
1104 4441 1207 4525 perire

1305 963 1314 996 7

288 4677 341 4725 403
361 4670 465 4725 circum
482 4673 531 4728 n:
551 4674 658 4726 cretum
729 4677 782 4725 404
800 4672 890 4724 remot
908 4671 936 4723 B
954 4672 1012 4723 -tus
1030 4671 1070 4724 A:
1091 4671 1160 4726 verb
1177 4667 1219 4722 13²
1290 4672 1342 4720 415
1362 4666 1498 4735 alioquist

198 4744 451 4814 ‘Kamyusserz
467 4743 573 4812 alioqui
616 4749 667 4797 417
683 4742 862 4797 mortalibus:
877 4743 993 4796 cerblt.
1034 4748 1085 4796 421
1101 4757 1195 4796 nome:
1210 4738 1334 4794 cerbB²
1373 4744 1497 4808 429pre-

219 4817 306 4868 stata:
321 4815 390 4868 cerb.
401 4815 436 4868 It.
482 4820 535 4868 430
548 4818 708 4869 mouentur:
723 4815 881 4869 cerbMar.
927 4818 978 4866 431
994 4812 1066 4868 alta:
1081 4812 1272 4869 cerb.Loebm.
1316 4816 1368 4863 432
1379 4827 1496 4879 uapore:

218 4888 287 4941 verb
302 4886 414 4940 Lacum.
487 4892 539 4940 433
557 4886 686 4941 feruntur
703 4893 820 4941 caretate
838 4886 892 4940 ich:
913 4887 1048 4956 geruntur
1118 4888 1170 4938 437
1191 4882 1273 4937 crede
1291 4884 1340 4937 Is:
1361 4881 1460 4935 credeo
