3442 5574
510 433 541 487 T.
559 431 715 488 LUCRETI
733 431 817 486 CARI
834 432 883 486 DE
902 431 1032 486 RERUM
1049 430 1202 493 NATURA

328 599 490 683 corporeis
514 596 667 682 quoniam
690 597 765 661 telis
788 597 918 680 ictuque
941 596 1076 660 laborat.

371 705 404 770 Is
427 705 491 770 tibi
512 726 598 769 nunc
621 705 746 769 animus
770 704 857 788 quali
882 701 1080 788 sit³corporc
1104 707 1136 768 et
1159 704 1243 768 unde

328 813 511 879 constiterit
533 832 666 897 pergam
688 813 846 876 rationem
868 810 998 876 reddere
1022 810 1125 875 dictis.

327 921 486 1006 principio
511 941 579 984 esse
603 919 654 983 ι1ο
677 917 888 1003 persuptilem
910 921 1007 1000 atque
1030 918 1165 983 minutis

328 1050 484 1113 perquam
507 1026 696 1110 corporibus
720 1025 841 1090 factum
864 1027 1019 1088 constare.
1067 1024 1099 1088 id
1122 1025 1169 1089 ita
1192 1047 1261 1090 esse

329 1135 405 1200 hinc
427 1135 503 1199 licet
526 1133 674 1198 aduertas
698 1133 840 1197 animum
862 1135 899 1196 ut
922 1152 1110 1215 pernoscere
1133 1133 1249 1216 possis.

327 1243 375 1308 nil
398 1242 476 1306 adeo
497 1241 570 1305 fieri
593 1240 762 1305 celerit
711 1262 747 1304 ra
747 1239 836 1304 tione
859 1238 948 1303 uidet
933 1242 1004 1325 t,ur

329 1372 425 1434 quam
448 1349 512 1413 sibi
534 1369 624 1412 mens
647 1347 717 1412 fieri
740 1346 948 1431 proponitet
916 1292 1134 1411 etiriohoat‘
1087 1349 1209 1430 trzpsa

329 1457 417 1521 ocius
440 1476 516 1541 ergo
540 1455 666 1519 animus
690 1475 787 1573 quam
809 1474 860 1516 res
884 1475 918 1517 se
941 1454 1061 1537 perciet
1084 1453 1164 1539 ulla,

330 1567 403 1628 ante
371 1562 536 1627 toculos
560 1583 698 1646 quorum
720 1560 755 1624 in
777 1562 931 1644 promptu
953 1563 1070 1624 natura
1093 1560 1181 1625 uidet
1167 1564 1233 1626 tur:

330 1669 472 1754 atquod
493 1668 650 1733 mobilet
652 1671 728 1733 ιο
652 1670 894 1753 ant,operes
916 1671 1062 1732 constare
1085 1669 1235 1733 rutundis

328 1799 482 1897 perquam
506 1776 682 1841 seminibus
707 1775 801 1852 debet
786 1779 1042 1859 tperquamque
1064 1776 1215 1863 minutis,

327 1884 467 1950 momine
490 1885 540 1948 uti
563 1905 664 1967 paruo
687 1883 814 1967 possint
837 1881 967 1966 inpulsa
989 1882 1122 1947 moueri.
1180 1895 1184 1901 '

327 2013 465 2076 namque
487 1993 638 2054 mouetur
661 2012 744 2074 aqua
767 1992 836 2054 ett
822 1988 951 2053 tantillo
974 1989 1115 2055 momine
1138 1989 1248 2077 flutat,

331 2099 450 2183 quippe
472 2096 670 2163 volubilibus
693 2076 867 2180 paruisque
890 2099 997 2160 οιιιιι
1019 2096 1142 2182 figuris.

328 2210 361 2272 ιι
385 2208 497 2270 contra
518 2203 624 2268 mellis
648 2204 850 2268 constantior
873 2207 922 2268 ιιι
945 2207 1062 2268 natura

327 2317 360 2378 et
382 2313 468 2398 pigri
490 2311 602 2376 latices
625 2312 729 2396 magis
753 2315 785 2376 et
807 2311 1011 2375 cunctantior
1034 2314 1137 2376 actus:

327 2420 438 2484 haeret
461 2420 547 2484 enim
569 2419 654 2484 inter
677 2441 711 2483 se
734 2418 839 2503 magis
864 2418 969 2482 omnis
992 2419 1139 2483 materiai

329 2527 434 2614 copia,
456 2525 624 2612 nimirum,
647 2526 812 2610 quianon
834 2528 902 2589 tam
924 2524 1052 2589 leuibus
1075 2529 1203 2592 constat

329 2633 518 2717 corporibus
540 2655 644 2716 neque
667 2637 736 2696 tam
759 2630 934 2714 suptilibus
959 2634 1055 2714 atque
1077 2634 1235 2699 rutundis.

327 2761 466 2824 namque
489 2739 659 2824 papaueris
684 2761 761 2803 aura
784 2741 893 2823 potest
917 2760 1074 2822 suspensa
1096 2739 1242 2825 leuisque

328 2868 441 2933 cogere
464 2851 501 2911 ut
524 2846 564 2910 ab
589 2868 714 2910 summo
737 2846 800 2910 tibi
823 2844 951 2910 diffluat
974 2845 1060 2910 altus
1084 2869 1231 2936 aceruos,

329 2958 498 3021 atcontra
520 2953 664 3037 lapidum
687 2952 867 3017 conlectum
890 2951 1140 3037 *spicarumque

330 3085 437 3128 noenu
459 3083 501 3146 po
503 3063 576 3124 ttes
622 3060 685 3145 igit
686 3082 725 3124 ur
747 3059 941 3143 paruissima
964 3080 1100 3144 corpora
1122 3083 1280 3145 proquam

330 3168 549 3234 etleuissima
572 3172 662 3254 sunt,
633 3166 883 3233 titamobilit
869 3170 936 3231 tate
959 3167 1072 3232 fruunt
1057 3170 1125 3232 tur:

332 3279 365 3340 at
388 3279 501 3340 contra
525 3298 605 3360 quae
628 3296 764 3359 cumque
787 3275 892 3359 magis
915 3296 988 3338 oum
1010 3275 1150 3359 pondere
1174 3297 1291 3362 magno

332 3405 506 3466 asperaque
529 3383 740 3447 inueniuntur
701 3403 813 3468 ιιι,ιο
837 3381 982 3446 stabilita
948 3381 1109 3467 tmagis
1133 3386 1218 3447 sunt.

329 3511 415 3554 nunc
436 3490 539 3574 igitur
562 3490 714 3573 quoniam
738 3493 787 3554 ιιι
810 3489 908 3553 animi
930 3491 1048 3553 natura
1070 3493 1197 3572 reperta

330 3596 461 3662 mobilis
485 3597 626 3683 egregie,
647 3618 803 3682 perquam
826 3600 973 3661 constare
995 3599 1157 3661 necessest

331 3702 520 3787 corporibus
544 3703 654 3786 paruis
678 3706 710 3766 et
732 3702 860 3767 leuibus
884 3706 980 3786 atque
1003 3703 1160 3768 rutundis.

334 3831 415 3894 quae
438 3809 500 3874 tibi
523 3809 653 3894 cognita
675 3830 727 3873 res
750 3809 785 3872 in
806 3809 935 3895 multis,
958 3830 976 3872 o
1001 3809 1098 3895 bone,
1120 3810 1217 3875 rebus

330 3915 421 3980 utilis
444 3916 628 3980 inuenietur
651 3919 683 3980 et
707 3918 889 4000 opportuna
911 3915 1039 3980 oluebit.

330 4024 409 4088 haec
431 4044 559 4107 quoque
581 4044 632 4088 res
657 4024 753 4088 etiam
775 4026 925 4087 naturam
948 4023 1072 4088 dedicat
1095 4024 1179 4111 eius,

334 4154 430 4216 quam
453 4130 543 4194 tenui
566 4133 692 4195 constet
715 4134 857 4215 textura,
880 4152 1039 4215 quamque
1062 4130 1132 4195 loco
1157 4153 1191 4196 se

331 4239 494 4303 contineat
517 4260 632 4322 paruo,
656 4238 684 4301 ι1
706 4237 811 4321 possit
834 4238 1083 4324 conglomerata,

332 4344 419 4429 quod
442 4343 538 4408 simul
561 4348 657 4429 atque
679 4344 843 4410 hominem
866 4344 925 4410 leti
949 4367 1059 4410 secura
1082 4346 1173 4430 quies
1196 4351 1246 4412 est

332 4452 463 4537 indepta
486 4455 582 4536 atque
605 4452 704 4516 animi
726 4455 843 4517 natura
866 4453 1052 4537 animaeque
1074 4453 1222 4541 recessit,

331 4559 380 4623 nil
401 4559 448 4623 ibi
470 4558 609 4623 libatum
633 4557 670 4622 de
693 4561 764 4623 toto
789 4580 922 4643 corpore
945 4582 1056 4624 cernas

295 4756 345 4804 176
365 4751 500 4821 corporis:
519 4753 589 4806 verb
604 4750 646 4806 B'
701 4756 751 4805 183
771 4749 826 4805 sibi
839 4751 931 4806 Wolc..
951 4751 975 4804 si
1031 4759 1081 4806 194
1097 4755 1208 4807 constat
1221 4760 1338 4808 ommate
1352 4755 1408 4809 iob:
1424 4757 1502 4809 extat

224 4828 274 4877 198
294 4821 451 4877 conlectum
469 4823 609 4878 Muretus:
634 4822 848 4877 coniectum—
873 4821 1079 4892 spicarumque:
1106 4841 1206 4879 caurus
1229 4841 1342 4878 mouere
1365 4827 1503 4896 Berccys,

222 4895 283 4965 ipae
302 4909 384 4948 eurus
403 4909 515 4948 mouere
535 4894 641 4949 Mcmro
705 4899 757 4948 203
777 4895 820 4947 est
837 4910 890 4964 erp.
906 4895 982 4950 Mar.
1047 4900 1099 4949 210
1118 4912 1159 4951 ιι.
1178 4898 1247 4950 cert.
1262 4896 1341 4951 Nico
