3442 5574
300 356 340 420 18
589 355 619 410 T.
638 353 795 409 LUORETI
813 353 898 408 CARI
916 353 964 407 DE
983 354 1112 408 RERUM
1130 353 1283 408 NATURA

453 519 624 584 Praeterea
647 517 675 582 si
697 517 879 582 inmortalis
902 521 1019 583 natura
1041 517 1192 581 animaist

299 644 350 691 625
410 630 442 690 et
465 626 584 691 sentire
607 629 715 709 potest
739 628 860 690 secreta
883 648 902 689 a
926 646 1058 708 corpore
1080 628 1209 710 nostro,

411 734 566 819 quinque,
588 737 625 797 ut
649 733 778 820 opinor,
800 755 870 797 earn
893 732 1108 796 faciundumst
1132 731 1281 796 sensibus
1305 735 1444 796 auctam:

409 862 467 904 nec
489 841 614 905 ratione
638 841 701 905 alia
722 843 849 904 nosmet
872 860 1050 923 proponere
1072 838 1167 903 nobis

408 970 580 1031 possumus
604 947 745 1012 infernas
770 947 891 1010 animas
914 944 1099 1010 Acherunte
1122 946 1242 1032 uagari.

408 1053 547 1138 pictores
570 1055 679 1138 itaque
702 1057 734 1117 et
758 1053 950 1137 scriptorum
974 1052 1077 1118 saecla
1100 1053 1210 1137 priora

410 1162 456 1225 sic
479 1161 602 1225 animas
626 1161 712 1224 intro
736 1159 896 1224 duxerunt
919 1160 1067 1225 sensibus
1091 1164 1209 1225 auctas.

410 1273 443 1333 at
466 1290 569 1352 neque
593 1289 719 1332 sorsum
742 1267 826 1332 oculi
848 1289 952 1352 neque
974 1290 1067 1333 nares
1088 1290 1148 1332 nec
1170 1289 1284 1332 manus
1308 1267 1379 1351 ipsa

409 1398 477 1440 esse
499 1378 608 1459 potest
631 1375 767 1454 animae,
790 1395 893 1458 neque
918 1396 1045 1439 sorsum
1067 1375 1179 1460 lingua
1201 1396 1305 1459 neque
1328 1393 1435 1438 aures:

408 1481 494 1548 haud
516 1483 617 1568 igItur
640 1503 697 1565 per
720 1503 754 1546 se
777 1485 915 1566 possunt
939 1482 1057 1546 sentire
1079 1504 1183 1566 neque
1206 1504 1283 1546 csse.

453 1589 498 1666 nt
521 1590 673 1670 quoniam
696 1592 768 1652 toto
793 1589 949 1653 sentimus
973 1611 1107 1675 corpore
1129 1590 1233 1655 inesse

408 1697 541 1762 uitalem
565 1718 693 1761 sensum
717 1699 749 1758 11
772 1699 879 1760 totum
902 1718 971 1762 esse
995 1696 1131 1761 animale
1154 1696 1312 1780 uidemus,

409 1805 437 1869 si
460 1804 569 1869 subito
592 1802 733 1867 medium
755 1801 850 1867 celeri
872 1804 1061 1888 praeciderit
1084 1805 1151 1869 ictu

408 1913 459 1976 113
483 1912 605 1997 aliqua,
628 1914 664 1974 ut
688 1930 814 1975 sorsum
837 1914 962 1994 partem
985 1915 1129 1976 secernat
1152 1915 1335 1996 utramque,

408 2019 578 2103 dispertita
599 2017 713 2102 procul
735 2017 833 2082 dubio
857 2040 985 2102 quoque
1008 2019 1059 2083 uis
1083 2019 1201 2083 animai
1278 2039 1280 2045 ·

407 2128 440 2189 11
464 2125 598 2189 discissa
621 2122 716 2187 simul
739 2145 811 2189 cum
835 2147 967 2210 corpore
990 2126 1178 2191 dissicietur.

408 2235 442 2295 at
465 2230 552 2316 quod
575 2231 731 2296 scinditur
754 2235 787 2295 et
808 2233 912 2316 partis
935 2233 1068 2298 discedit
1092 2234 1125 2297 in
1148 2232 1246 2319 ullas,

408 2338 544 2425 scilicet,
566 2341 729 2403 aeternam
752 2337 816 2402 sibi
838 2343 988 2404 naturam
1012 2340 1125 2405 abnuit
1148 2362 1225 2404 esse.

407 2445 567 2510 falciferos
590 2448 770 2510 memorant
793 2467 904 2510 currus
928 2446 1092 2512 abscidere
1114 2447 1258 2512 membra

409 2575 502 2636 saepe
525 2552 571 2617 ita
594 2552 633 2616 de
656 2551 764 2616 subito
787 2552 947 2636 permixta
969 2553 1063 2618 caede
1085 2552 1233 2640 calentis,

409 2664 446 2724 ut
469 2663 606 2724 tremere
628 2660 664 2723 in
685 2653 772 2724 terra
795 2659 942 2724 uideatur
965 2659 1005 2724 ab
1030 2661 1164 2725 artubus
1188 2659 1221 2723 id
1245 2660 1331 2744 quod

411 2767 528 2831 decidit
551 2766 725 2850 abscisum,
748 2788 821 2830 oum
843 2789 933 2831 mens
957 2770 1066 2831 tamen
1088 2770 1185 2851 atque
1207 2757 1348 2831 hominis
1372 2765 1423 2830 uis

407 2872 589 2938 mobilitate
611 2871 689 2937 mali
711 2893 778 2936 non
801 2873 872 2957 quit
897 2873 1015 2938 sentire
1038 2872 1181 2938 dolorem

407 2984 440 3044 et
463 2979 560 3044 simul
582 2981 617 3043 in
638 3000 765 3065 pugnae
789 2979 897 3044 studio
922 2980 1008 3063 quod
1031 2978 1138 3045 dedita
1160 3003 1249 3045 mens
1274 2985 1336 3045 est:

407 3109 540 3171 corpore
563 3086 683 3152 relicuo
707 3106 849 3170 pugnam
872 3085 1045 3171 caedesque
1067 3087 1216 3174 petessit,

406 3216 465 3258 nec
486 3197 575 3259 tenet
599 3192 750 3257 amissam
772 3193 897 3258 laeuam
920 3215 992 3258 cum
1015 3195 1157 3281 tegmine
1180 3217 1273 3279 saepe

409 3303 492 3367 inter
512 3322 611 3385 equos
635 3300 784 3364 abstraxe
806 3304 895 3365 rotas
917 3301 1078 3386 falcesque
1101 3324 1244 3389 rapaces,

407 3429 465 3472 nec
488 3408 638 3473 cecidisse
661 3407 743 3472 alius
768 3406 927 3495 dextram,
948 3431 1021 3474 oum
1045 3409 1168 3474 scandit
1192 3414 1224 3474 et
1246 3409 1356 3473 instat.

407 3515 480 3578 inde
504 3515 585 3579 alius
609 3508 743 3580 conatur
766 3514 915 3599 adempto
938 3536 1067 3601 surgere
1090 3538 1195 3602 crure,

408 3643 480 3685 cnm
503 3621 623 3706 digitos
647 3622 751 3706 agitat
772 3625 905 3706 propter
927 3622 1137 3688 moribundus
1160 3623 1252 3687 humi
1274 3644 1340 3706 pes.

407 3732 440 3792 et
463 3730 559 3811 caput
581 3727 742 3792 abaciam
764 3728 867 3792 calido
890 3729 1082 3815 uiuenteque
1105 3735 1219 3796 trunco

409 3838 517 3900 seruat
538 3833 630 3898 humi
652 3834 778 3899 uoltum
800 3835 935 3900 uitalem
958 3837 1129 3921 oculosque
1152 3836 1309 3923 patentis,

407 3942 506 4007 donec
528 3941 680 4025 reliquias
704 3941 822 4005 animai
844 3941 982 4007 reddidit
1005 3964 1122 4008 omnes.

408 4049 487 4134 quin
509 4048 607 4113 etiam
629 4048 691 4112 tibi
714 4048 756 4133 si,
778 4047 891 4134 lingua
913 4048 1076 4136 uibrante,
1097 4049 1229 4114 micanti

407 4156 565 4240 serpentis
589 4156 687 4220 cauda
709 4177 842 4240 procero
866 4178 999 4240 corpore
1021 4152 1218 4242 *utrumque

408 4263 451 4329 sit
473 4263 604 4328 libitum
625 4263 661 4326 in
682 4263 803 4328 multas
825 4263 929 4347 partis
952 4263 1105 4329 discidere
1126 4265 1227 4352 ferro,

297 4388 349 4437 tao
409 4371 517 4436 omnia
538 4371 603 4434 iam
626 4391 753 4434 sorsum
776 4391 885 4434 cernes
908 4372 1015 4436 ancisa
1037 4373 1158 4437 recenti

367 4534 419 4582 624
441 4527 581 4583 mortalis:
606 4529 676 4582 aab.
696 4527 790 4581 13¹-
814 4527 964 4583 animaest:
993 4531 1063 4585 verb.
1086 4531 1123 4585 It.
1195 4538 1246 4586 626
1274 4533 1400 4586 auctum:
1433 4531 1503 4585 narb.
1526 4528 1575 4583 13²

297 4604 348 4653 628
366 4615 467 4654 vacare
484 4599 549 4653 AB
566 4615 670 4681 vagare
685 4598 747 4654 B':
766 4601 836 4655 corb.
855 4600 967 4654 Lucbm.
1023 4607 1074 4655 632
1091 4601 1197 4657 anima:
1211 4604 1280 4658 verb.
1296 4604 1367 4657 Pius
1426 4607 1478 4656 633
1495 4601 1574 4654 haud

295 4669 384 4739 igitur
402 4671 526 4725 Lucium:
547 4670 676 4724 audrtum
747 4670 984 4725 1441111111
1043 4678 1094 4726 645
1114 4672 1227 4728 dicidit:
1246 4674 1366 4728 1111111.
1428 4679 1480 4727 650
1499 4675 1572 4726 rote:

295 4742 364 4796 narb.
379 4741 457 4796 Nice.
531 4741 820 4798 assueveras.
885 4747 935 4796 657
954 4742 1073 4797 micanti
1091 4744 1217 4800 Locha:
1235 4743 1356 4799 minanti
1378 4744 1442 4812 AO,
1460 4745 1527 4812 fehlt
1545 4743 1573 4796 B

296 4817 348 4867 618
367 4812 458 4866 cauda
475 4811 529 4867 A¹2
549 4813 691 4868 caude-
710 4816 873 4882 utrumque:
892 4815 962 4869 victl.
982 4817 1131 4884 utramque
1163 4839 1165 4844 ·
