3442 5574
518 414 549 469 T.
567 413 723 469 LUORETI
742 413 826 467 CARI
845 412 893 466 DE
912 412 1041 466 RERUM
1059 411 1211 466 NATURA

337 577 418 642 acris
442 581 474 641 et
497 578 532 641 in
555 599 652 642 uenas
675 577 823 642 discessit
845 577 966 641 diditus
990 575 1098 661 ardor,

336 685 545 769 consequitur
567 685 712 770 grauitas
735 685 967 769 membrorum,
990 682 1240 767 praepediuntur

336 814 429 856 crura
451 790 630 877 uacillanti,
652 792 807 857 tardescit
829 791 954 877 lingua,
977 790 1083 855 madet
1106 811 1210 873 mens,

335 903 415 963 nant
438 899 537 986 oculi,
560 899 680 964 clamor
703 898 865 984 singultus
888 899 994 984 iurgia
1017 897 1173 984 gliscunt,

336 1009 368 1070 et
391 1006 455 1071 iam
478 1010 584 1071 cetera
607 1005 645 1070 de
668 1027 783 1092 genere
804 1005 867 1071 hoc
890 1026 1109 1090 quaecumque
1132 1007 1297 1089 secuntur,

335 1135 391 1177 cur
414 1135 451 1178 ea
474 1117 561 1193 sunt,
584 1113 650 1178 nisi
673 1112 759 1198 quod
781 1134 911 1177 uemens
934 1111 1091 1176 uiolentia
1113 1113 1182 1175 uini

335 1220 527 1285 conturbare
550 1220 690 1285 animam
713 1221 882 1285 consueuit
905 1241 1038 1304 corpore
1061 1218 1212 1302 inipso?

335 1331 368 1391 at
391 1349 608 1412 quaecumque
631 1331 754 1411 queunt
777 1327 965 1414 conturbari
987 1327 1085 1410 inque
1108 1325 1224 1410 pediri,

335 1434 531 1520 significant,
555 1435 652 1519 paulo
675 1434 704 1499 si
727 1434 838 1498 durior
860 1435 1033 1498 insinuarit

334 1563 442 1627 causa,
464 1543 533 1607 fore
555 1545 593 1606 ut
615 1545 749 1626 pereant
773 1564 851 1606 aeuo
875 1541 1004 1625 priuata
1026 1541 1145 1605 futuro.

335 1648 532 1732 quinetiam
556 1648 665 1713 subito
689 1649 722 1712 ui
746 1648 852 1713 morbi
875 1671 968 1732 saepe
991 1650 1120 1712 coactus

334 1760 407 1821 ante
431 1756 540 1820 oculos
565 1755 682 1840 aliquis
704 1759 850 1842 nostros,
872 1760 910 1821 ut
932 1755 1077 1819 fulminis
1101 1755 1181 1838 ictu,

333 1863 472 1927 concidit
495 1866 527 1928 et
551 1885 680 1947 spumas
704 1863 785 1949 agit,
808 1863 945 1949 ingemit
967 1867 1000 1928 et
1023 1863 1133 1927 tremit
1156 1865 1261 1948 artus,

333 1968 464 2054 desipit,
488 1972 632 2034 extentat
654 1990 786 2055 neruos,
807 1973 992 2055 torquetur,
1015 1968 1145 2033 anhelat

331 2075 563 2160 inconstanter,
586 2079 619 2140 et
640 2077 676 2140 in
698 2077 846 2141 iactando
869 2076 1014 2141 membra
1035 2075 1166 2160 fatigat,

330 2183 497 2266 nimirum,
521 2183 670 2267 quisuis
693 2184 799 2248 morbi
822 2184 977 2250 distracta
999 2205 1055 2267 per
1079 2185 1168 2248 artus

215 2323 216 2326 ¹
331 2289 468 2354 *turbat
492 2310 589 2375 agens
614 2291 753 2355 animam
775 2313 928 2376 spumans
951 2291 986 2355 in
1009 2312 1147 2374 aequore
1170 2290 1255 2355 salso

330 2400 502 2461 uentorum
525 2396 642 2461 ualidis
664 2396 848 2463 feruescunt
871 2398 996 2464 uiribus
1019 2396 1130 2462 undae.

331 2503 521 2587 exprimitur
543 2488 640 2588 porro
665 2505 821 2593 gemitus,
843 2506 919 2590 quia
941 2505 1085 2570 membra
1107 2504 1218 2569 dolore

331 2609 536 2696 adficiuntur,
559 2615 592 2675 et
615 2611 745 2675 omnino
770 2612 856 2696 quod
880 2612 1002 2676 semina
1025 2611 1114 2676 uocis

331 2717 490 2782 eiciuntur
513 2722 546 2782 et
569 2740 624 2783 ore
646 2719 734 2783 foras
758 2718 937 2804 glomerata
958 2719 1120 2805 feruntur,

332 2847 395 2909 qua
418 2826 510 2909 quasi
533 2829 729 2890 consuerunt
752 2829 785 2890 et
809 2830 885 2891 sunt
907 2827 1033 2892 munita
1055 2825 1129 2890 uiai.

330 2931 520 3016 desipientia
542 2933 595 3018 fit,
618 2933 693 3017 quia
717 2934 767 2998 uis
790 2934 889 2999 animi
913 2938 1009 3018 atque
1033 2933 1151 2998 animai

330 3040 542 3103 conturbatur
564 3043 611 3125 et,
633 3039 801 3125 utdocui,
823 3040 928 3105 diuisa
950 3063 1095 3106 seorsum

330 3145 516 3210 disiectatur
539 3145 649 3210 eodem
671 3146 728 3210 illo
752 3147 905 3212 distracta
926 3170 1057 3214 veneno.

330 3252 403 3317 inde
426 3252 483 3316 ubi
506 3252 571 3316 iam
592 3253 700 3317 morbi
722 3252 848 3318 reflexit
871 3277 979 3342 causa,
1002 3256 1147 3340 reditque

330 3360 365 3423 in
386 3359 529 3424 latebras
551 3381 623 3424 acer
645 3362 789 3444 corrupti
812 3363 955 3446 corporis
978 3384 1084 3449 umor,

329 3471 400 3530 tum
423 3467 514 3551 quasi
537 3466 709 3532 uaccillans
732 3469 872 3552 primum
896 3470 1062 3554 consurgit
1086 3473 1117 3534 et
1142 3469 1245 3533 omnis

331 3573 487 3657 paulatim
509 3574 593 3638 redit
615 3574 650 3638 in
673 3596 786 3639 sensus
809 3576 1011 3661 animamque
1033 3579 1140 3660 recept
1161 3579 1184 3640 t.

329 3679 408 3744 haec
431 3680 533 3766 igitur
555 3681 656 3745 tantis
680 3681 737 3745 ubi
760 3682 881 3746 morbis
904 3704 1036 3766 corpore
1058 3683 1186 3766 inipso

329 3788 489 3851 iactentur
513 3787 701 3871 miserisque
723 3789 827 3853 modis
851 3787 1005 3853 distracta
1026 3789 1189 3877 laborent,

330 3917 386 3959 cur
410 3893 519 3961 eadem
542 3895 642 3959 credis
666 3895 734 3959 sine
757 3917 889 3979 corpore
912 3895 947 3958 in
970 3918 1041 3961 aere
1064 3902 1175 3982 aperto

329 4023 401 4066 cum
424 4001 540 4066 ualidis
564 4001 671 4066 uentis
695 4006 832 4066 aetatem
856 4002 970 4087 degere
992 4005 1108 4086 posse?

329 4113 361 4173 et
385 4110 537 4194 quoniam
558 4113 698 4174 mentem
722 4109 842 4195 sanari,
864 4131 982 4192 corpus
1005 4113 1042 4173 ut
1065 4132 1209 4197 aegrum,

329 4216 488 4281 cernimus
512 4220 544 4282 et
566 4215 654 4281 flecti
676 4215 833 4280 medicina
855 4237 950 4300 posse
973 4215 1135 4305 uidemus,

327 4324 361 4387 id
384 4345 512 4408 quoque
535 4323 698 4409 praesagit
720 4323 889 4388 mortalem
912 4324 1022 4389 uiuere
1044 4329 1192 4390 mentem.

329 4431 442 4495 addere
464 4431 549 4496 enim
572 4431 675 4514 partis
698 4435 755 4495 aut
778 4431 888 4495 ordine
911 4431 1062 4496 traiecere
1085 4437 1228 4498 aecumst

328 4542 384 4603 aut
407 4538 528 4622 aliquid
551 4560 683 4622 prosum
707 4537 745 4602 de
769 4560 894 4602 summa
916 4538 1082 4604 detrahere
1105 4539 1223 4626 hilum,

288 4736 340 4785 479
358 4732 537 4788 uaciliaanti:
558 4735 627 4788 verb.
643 4732 685 4786 A’
755 4737 807 4785 482
827 4748 875 4784 cur
894 4747 929 4784 ea
946 4731 1037 4787 Nico:
1057 4733 1145 4786 curba
1216 4738 1267 4785 492
1286 4751 1354 4802 qua:
1374 4735 1444 4788 cert.
1458 4735 1495 4789 It.

216 4808 269 4857 493
287 4805 324 4858 iat
340 4805 500 4860 cerdorbca:
522 4805 592 4860 oiell.
611 4805 722 4872 turbat,
747 4819 833 4873 agene
853 4801 948 4856 anima
967 4821 1092 4873 spumas,
1112 4806 1144 4857 ut
1197 4808 1249 4857 497
1270 4803 1410 4858 eiciuntur
1430 4805 1497 4859 ‘circ'

216 4875 376 4930 doctissimi’
397 4876 439 4930 bei
456 4876 566 4931 Lambz
587 4875 737 4930 eliciuntur
