3442 5574
216 423 283 488 22Ἰ

508 422 538 476 Τ.
557 420 713 476 LUGRETI
731 420 816 476 CARI
833 420 881 474 DE
900 420 1030 476 RERUM
1049 420 1201 476 NATURA

327 590 359 650 et
382 585 495 651 domus
519 585 634 651 aetatis
658 585 764 670 spatio
786 607 827 650 ne
848 585 933 650 fossa
955 588 1086 651 uetusto

219 710 269 760 775
329 693 467 759 obruat?
504 695 538 757 at
560 715 627 757 non
650 697 726 758 sunt
748 692 925 757 immortali
949 692 1016 757 ulla
1038 692 1165 776 pericla.

370 799 517 885 Denique
540 800 678 865 conubia
700 799 740 864 ad
762 798 898 865 Veneris
920 803 1097 885 partusque
1120 801 1260 865 ferarum

327 929 396 973 esse
419 906 542 972 animas
565 912 695 991 praesto
718 906 927 972 deridiculum
949 928 1019 972 esso
1042 906 1183 972 uidetur:

327 1018 511 1099 exspectare
534 1014 726 1080 immortalis
748 1013 899 1079 mortalia
920 1013 1065 1079 membra

326 1124 494 1188 innumero
517 1144 665 1208 numero,
684 1125 872 1206 certareque
894 1126 1181 1205 praeproperanter

328 1231 413 1294 inter
436 1251 470 1294 se
492 1251 574 1315 quae
595 1228 700 1313 prima
722 1227 954 1313 potissimaque
977 1227 1173 1316 insinuetur3

329 1337 357 1403 si
379 1358 446 1402 non
467 1337 551 1401 forte
574 1335 621 1400 ita
644 1339 721 1400 sunt
744 1335 923 1400 animarum
945 1335 1072 1400 foedera
1095 1339 1203 1422 pacta,

328 1449 365 1510 ut
389 1466 470 1530 quae
491 1443 595 1528 prima
617 1442 731 1508 uolans
756 1442 920 1508 aduenerit
943 1442 1125 1508 insinuetur

329 1550 446 1637 prima,
467 1571 570 1635 neque
592 1551 678 1616 inter
701 1571 735 1614 se
758 1548 953 1614 contendant
975 1549 1100 1615 uiribus
1123 1549 1234 1615 hilum.

372 1657 518 1743 Denique
539 1658 575 1723 in
598 1655 726 1722 aethere
748 1677 815 1722 non
837 1656 947 1742 arbor,
968 1664 1035 1721 non
1058 1678 1196 1742 aequore
1218 1658 1253 1723 in
1276 1658 1342 1724 alto

329 1766 430 1831 nubes
453 1787 523 1830 esse
546 1768 683 1852 queunt,
703 1786 761 1829 nec
784 1764 888 1849 pisces
910 1764 1021 1829 uiuere
1043 1765 1079 1829 in
1101 1765 1202 1851 aruis,

327 1895 386 1938 noc
408 1893 503 1937 cruor
525 1872 561 1936 in
581 1870 680 1957 lignis
704 1892 807 1956 neque
831 1870 917 1936 saxis
939 1893 1034 1936 sucus
1057 1871 1170 1938 inesse.

328 1983 451 2045 certum
475 2000 511 2044 ac
533 1976 760 2070 dispositumst
782 1977 840 2042 ubi
864 1977 1016 2065 quicquid
1039 1983 1161 2044 crescat
1184 1983 1216 2044 et
1238 1980 1326 2045 insit.

329 2089 375 2152 sio
398 2086 497 2151 animi
518 2088 635 2150 natura
656 2085 770 2170 nequit
794 2085 863 2150 sino
885 2107 1019 2169 corpore
1043 2085 1121 2150 oriri

331 2194 399 2260 sola
421 2213 526 2278 nequo
548 2215 567 2256 a
588 2193 698 2257 neruis
722 2196 754 2257 et
778 2192 934 2279 sanguine
956 2193 1087 2279 longius
1110 2215 1187 2259 esso.

329 2300 416 2386 quod
439 2300 468 2364 si
489 2302 601 2384 posset
624 2298 723 2386 enim,
744 2300 847 2366 multo
871 2300 961 2384 prius
986 2301 1057 2385 ipsa
1080 2300 1179 2366 animi
1201 2301 1252 2367 uis

327 2409 363 2473 in
385 2407 489 2491 capite
512 2411 569 2473 aut
592 2407 711 2473 umeris
735 2412 791 2472 aut
814 2407 888 2472 imis
911 2407 1052 2473 calcibus
1076 2428 1145 2472 esse

327 2517 438 2598 posset
461 2517 494 2579 et
515 2515 640 2579 innasci
664 2514 779 2598 quauis
802 2515 836 2578 in
858 2517 951 2598 parte
975 2513 1108 2600 soleret,

327 2620 457 2686 tandem
480 2622 515 2685 in
537 2621 648 2686 eodem
671 2620 801 2686 homine
825 2623 922 2705 atque
944 2620 980 2685 in
1002 2620 1113 2685 eodem
1135 2642 1212 2685 uase
1235 2643 1371 2686 manere.

330 2728 415 2813 quod
439 2729 592 2813 quoniam
613 2731 726 2794 nostro
751 2749 879 2813 quoque
902 2730 1030 2792 constat
1052 2748 1185 2811 corpore
1208 2732 1346 2815 certum,

331 2835 588 2920 dispositumque
610 2835 739 2901 uidetur
761 2835 818 2900 ubi
841 2855 910 2899 esse
933 2839 966 2899 et
989 2843 1129 2899 crescere
1151 2835 1257 2919 possit

329 2965 456 3008 sorsum
479 2942 585 3007 anima
608 2947 705 3027 atque
728 2943 867 3028 animus,
889 2945 982 3007 tanto
1004 2941 1109 3027 magis
1132 2941 1336 3007 infitiandum

327 3054 434 3115 totum
457 3071 552 3134 posse
576 3053 667 3114 extra
690 3071 806 3134 corpus
830 3049 945 3114 durare
968 3048 1113 3136 genique.

329 3179 441 3245 quare,
464 3178 581 3240 corpus
604 3156 661 3221 ubi
684 3157 823 3242 interiit,
845 3157 961 3240 periise
983 3160 1144 3221 necessest

328 3265 500 3329 confiteare
522 3263 662 3328 animam
684 3263 871 3329 distractam
892 3265 929 3328 in
950 3285 1083 3348 corpore
1105 3266 1185 3330 toto.

329 3371 447 3454 quippe
470 3370 589 3434 etenim
611 3370 747 3436 mortale
771 3375 900 3436 aeterno
924 3372 1057 3457 iungere
1080 3373 1112 3433 et
1136 3393 1200 3435 una

327 3476 508 3542 consentire
530 3480 644 3561 putare
668 3481 700 3542 et
722 3477 816 3564 fungi
838 3481 952 3543 mutua
974 3499 1070 3562 posse

328 3583 517 3668 desiperest:
541 3584 619 3668 quid
641 3584 727 3649 enim
750 3585 909 3650 diuersius
932 3607 1002 3650 esse
1024 3586 1236 3669 putandumst

327 3693 383 3754 aut
405 3690 509 3775 magis
533 3690 617 3754 inter
641 3713 675 3755 se
698 3691 892 3756 disiunctum
915 3691 1204 3779 discrepitansque‚

327 3819 424 3881 quam
447 3797 583 3862 mortale
606 3797 693 3881 quod
715 3801 764 3862 est
786 3797 952 3862 inmortali
975 3801 1073 3883 atque
1096 3799 1229 3883 perenni

327 3903 472 3968 iunctum
494 3903 529 3968 in
551 3903 686 3969 concilio
716 3926 827 3969 saeuas
851 3904 988 3969 tolerare
1011 3905 1190 3987 procellas?

327 4014 492 4094 praeterea
511 4033 729 4097 quaecumque
752 4013 883 4076 manent
905 4013 1035 4075 aeterna
1056 4015 1215 4076 necessest

323 4121 383 4209 ¹aut
407 4118 483 4203 quia
506 4122 582 4183 sunt
606 4119 708 4184 solido
733 4141 805 4184 curn
828 4139 960 4202 corpore
982 4138 1132 4201 respuere
1154 4118 1238 4184 ictus

328 4245 387 4288 nec
409 4227 577 4308 penetrare
599 4226 668 4309 pati
692 4226 755 4290 sibi
779 4226 950 4310 quicquam
973 4224 1060 4309 quod
1083 4231 1180 4310 queat
1203 4230 1290 4292 artas

327 4329 500 4394 dissociare
522 4330 612 4395 intus
635 4333 752 4420 partis,
774 4336 811 4397 ut
834 4331 982 4397 materiai

220 4453 273 4502 aro
331 4458 466 4521 corpora
489 4441 566 4501 sunt
590 4460 727 4522 quorum
748 4442 898 4504 naturam
921 4439 1119 4504 ostendimus
1143 4444 1231 4527 ante,

327 4542 476 4608 antideo
501 4543 614 4609 durare
637 4548 775 4610 aetatem
797 4566 892 4628 posse
914 4567 972 4629 per
996 4566 1136 4632 omnem,

288 4735 540 4791 rusiammortali:
559 4736 822 4792 0007114100οΜς
877 4742 927 4792 785
944 4739 1034 4793 nubes
1052 4740 1158 4795 V129:
1177 4740 1252 4794 nube
1307 4745 1359 4795 798
1377 4741 1495 4810 perisse:

217 4808 286 4861 card.
300 4808 335 4864 It.
395 4813 447 4861 800
465 4807 626 4862 mortalem:
645 4810 714 4863 cert
729 4811 764 4864 It.
825 4813 878 4862 804
894 4809 1025 4879 perenni:
1045 4812 1114 4866 cord.
1128 4812 1164 4866 It.
1227 4815 1278 4865 805
1299 4811 1405 4866 saluas:
1424 4814 1495 4867 verb.

218 4879 294 4933 Matr.
367 4883 417 4933 807
437 4878 510 4934 ictus
528 4879 569 4934 A:
588 4878 678 4934 iectus
695 4879 770 4933 A²B
842 4885 894 4934 809
912 4881 1013 4952 partiis
1033 4885 1062 4936 et
1079 4880 1211 4936 materia:
1231 4883 1330 4954 ricttiy
1353 4884 1444 4938 V354
