3442 5574
646 428 755 483 LIBER
773 428 934 484 TERTIUS.

261 615 332 658 cum
358 593 508 658 subeant:
532 595 566 657 01
589 615 653 678 qua
675 592 802 677 possint
824 592 878 657 uia
900 592 990 658 nulla
1012 592 1148 658 uidetur.

259 700 340 766 haut
363 700 465 786 igitur
487 699 610 765 faciunt
633 700 757 765 animae
780 700 843 765 sibi
866 721 1001 785 corpora
1024 703 1056 765 et
1080 703 1178 765 artus.

259 830 318 873 nec
341 811 522 874 tamen-est
544 807 639 893 utqui
661 806 811 892 perfectis
834 807 1039 872 insinuentur

260 915 463 1001 corporibus:
486 936 590 999 neque
612 914 698 979 enim
719 917 873 999 poterunt
896 914 1061 998 suptiliter
1083 935 1152 979 esse

261 1045 413 1110 conexae,
434 1044 538 1108 neque
560 1043 733 1087 consensus
757 1022 907 1107 contagia
929 1022 1016 1087 fient.

303 1129 450 1214 Denique
473 1152 530 1195 cur
553 1129 634 1195 acris
657 1129 811 1194 violentia
834 1129 928 1194 triste
951 1129 1081 1214 leonum

259 1235 430 1300 seminium
453 1235 613 1321 sequitur,
635 1233 746 1318 volpes
768 1233 876 1320 dolus,
898 1237 930 1298 et
952 1234 1031 1322 fuga
1053 1237 1156 1302 seruis

258 1367 277 1408 a
299 1342 447 1427 patribus
471 1341 566 1406 datur
588 1343 621 1405 et
643 1341 768 1424 patrius
790 1361 893 1424 pauor
915 1341 1030 1407 incitat
1053 1347 1159 1431 artus,

260 1445 300 1515 et'
315 1450 381 1515 iam
402 1453 508 1514 cetera
531 1448 570 1513 de
593 1468 708 1534 genere
730 1446 791 1512 hoc
814 1468 871 1511 cur
895 1449 1001 1514 omnia
1024 1450 1177 1516 membris

258 1580 297 1623 ex
320 1558 450 1622 ineunte
473 1576 553 1619 aeuo
576 1557 787 1641 generascunt
809 1554 1017 1644 ingenioque,

258 1663 287 1729 si
308 1685 391 1750 non,
412 1666 500 1728 certa
523 1683 582 1727 suo
606 1661 682 1746 quia
705 1662 825 1726 semine
848 1661 1046 1748 seminioque

258 1771 307 1836 ris
331 1770 430 1835 animi
452 1768 574 1853 pariter
596 1769 711 1834 crescit
733 1791 805 1834 cum
828 1790 961 1854 corpore
984 1772 1134 1856 quoque?

180 1925 184 1931 .
260 1877 346 1964 quod
369 1878 397 1942 si
420 1876 601 1942 inmortalis
625 1877 709 1942 foret
732 1879 765 1941 01
787 1878 913 1941 mutare
935 1878 1054 1943 soleret

256 2006 405 2071 corpora,
426 1983 594 2069 permixtis
618 1983 797 2048 animantes
820 1983 965 2075 moribus
988 1989 1108 2052 essent:

258 2092 413 2179 effugeret
435 2091 522 2156 canis
545 2089 697 2174 Hyrcano
721 2089 760 2154 de
783 2090 903 2155 semine
926 2113 1020 2176 saepe

258 2198 418 2285 cornigeri
440 2199 606 2263 incursum
628 2197 728 2284 cerui,
750 2199 965 2282 tremeretque
986 2221 1044 2284 per
1067 2221 1160 2265 auras
1252 2182 1253 2185 ¹

258 2307 341 2372 aeris
365 2305 516 2390 accipiter
538 2305 665 2391 fugiens
689 2303 838 2368 ueniente
861 2304 1024 2392 columba,

258 2413 439 2497 desiperent
461 2411 624 2500 homines,
646 2414 795 2496 saperent
817 2412 885 2476 fera
908 2413 1012 2478 saecla
1034 2413 1183 2479 ferarum.

256 2520 337 2586 illud
359 2520 445 2584 onim
467 2519 549 2585 falsa
571 2520 675 2584 fertur
697 2519 837 2605 ratione,
860 2519 947 2604 quod
970 2519 1061 2585 aiunt

256 2627 461 2692 inmortalem
484 2627 624 2692 animam
647 2629 772 2691 mutato
796 2647 929 2712 corpore
952 2626 1051 2692 flecti:

256 2734 343 2820 quod
365 2738 510 2799 mutatur
533 2735 633 2822 enim,
655 2733 860 2822 dissoluitm,
881 2733 995 2799 interit
1017 2755 1103 2820 ergo.

256 2842 450 2907 traiciuntur
473 2842 564 2907 enim'
580 2846 688 2926 partes
712 2844 809 2926 atque
833 2840 944 2907 ordine
966 2841 1123 2928 migrant3

258 2970 356 3035 quare
380 2947 515 3013 dissolui
538 2969 666 3033 quoque
689 2948 806 3013 debent
828 2970 925 3032 posse
946 2971 1004 3033 per
1028 2952 1131 3036 artus,

257 3055 393 3141 denique
415 3058 452 3119 ut
475 3054 635 3119 intereant
658 3077 722 3119 una
745 3076 817 3120 cum
841 3076 974 3139 corpore
996 3059 1138 3121 cunctae.

257 3164 309 3228 sin
332 3163 455 3228 animas
477 3161 645 3228 hominum
668 3161 773 3226 dicent
795 3162 831 3226 in
852 3183 988 3246 corpora
1011 3184 1136 3247 semper
1158 3145 1160 3148 ‚

255 3270 302 3335 ire
324 3270 478 3356 humana,
499 3272 608 3333 tamen
631 3290 782 3354 quaeram
805 3290 862 3332 cur
885 3290 902 3331 0
926 3269 1064 3352 sapienti

259 3377 360 3442 stulta
383 3379 480 3463 queat
502 3375 586 3463 fieri,
607 3359 667 3441 nec
688 3374 827 3459 prudens
852 3374 894 3439 sit
918 3397 998 3461 puer
1020 3375 1122 3462 ullus,
1239 3391 1240 3394 ’

257 3506 315 3549 noc
337 3487 405 3548 tam
428 3483 541 3549 doctus
565 3503 664 3567 equae
686 3481 795 3566 pullus
820 3504 916 3567 quam
938 3482 1034 3547 fortis
1057 3484 1132 3568 equi
1155 3483 1214 3549 uis.

257 3590 393 3679 scilicet,
414 3590 450 3655 in
472 3593 583 3655 tenero
607 3586 803 3655 tenerascere
826 3611 960 3674 corpore
982 3592 1123 3654 mentem

256 3698 450 3784 confugient.
496 3696 582 3782 quod
605 3696 633 3761 si
656 3696 720 3760 iam
742 3695 796 3782 fit,
818 3697 939 3761 fateare
961 3699 1122 3761 necessest

255 3803 426 3869 mortalem
448 3826 518 3869 0000
541 3804 695 3889 animam,
718 3803 871 3888 quoniam
892 3807 1018 3869 mutata
1040 3827 1098 3888 per
1121 3808 1210 3870 artus

256 3914 348 3975 tanto
373 3933 468 3995 opere
492 3910 614 3977 amittit
636 3910 739 3974 uitam
763 3931 954 3995 sensumque
977 3911 1125 3994 priorem.

256 4038 362 4102 quoue
385 4018 480 4084 modo
503 4017 624 4103 poterit
646 4017 767 4101 pariter
790 4038 863 4081 oum
886 4038 1019 4102 corpore
1044 4040 1170 4104 quoque

257 4125 446 4191 confirmata
467 4125 614 4210 cupitum
638 4124 752 4190 aetatis
776 4128 909 4210 tangere
931 4124 1045 4190 florem

255 4233 306 4298 uis
330 4232 442 4318 animi,
463 4232 527 4297 nisi
551 4232 612 4296 erit
634 4253 766 4297 consors
789 4232 825 4297 in
848 4231 973 4317 origine
995 4233 1122 4317 prima?

257 4339 374 4424 quidue
396 4339 483 4404 foras
508 4339 570 4403 sibi
593 4338 663 4404 uolt
687 4339 839 4404 membris
864 4339 951 4404 exire
975 4340 1135 4405 senectia?

256 4467 297 4509 an
319 4445 435 4509 metuit
459 4445 609 4510 conclusa
631 4466 759 4510 manere
781 4445 817 4509 in
839 4467 973 4530 corpore
995 4447 1100 4533 putri,

216 4680 267 4727 736
286 4690 343 4742 qua
362 4675 452 4729 Mar:
471 4691 526 4743 que
586 4679 637 4727 738
656 4674 737 4742 utqui
756 4675 875 4730 errro:
895 4678 927 4729 ut
945 4675 1059 4745 quicum
1113 4680 1165 4729 740
1184 4692 1333 4730 consensu:
1351 4677 1421 4731 verb.

143 4745 255 4800 Lochm.
320 4751 371 4799 742
391 4745 481 4800 cernis
499 4747 549 4801 It:
569 4762 665 4799 ceruos
729 4752 780 4801 743
800 4746 939 4817 apatrius:
958 4749 1028 4803 corb.
1043 4745 1085 4800 A’
1153 4752 1203 4800 747
1223 4763 1335 4815 quoque
1353 4746 1421 4801 Ac:

143 4818 205 4870 1010
223 4817 251 4869 Β
311 4816 618 4873 760011Ρο111.Μα1..·
637 4816 863 4888 sio—corpore:
882 4818 1005 4875 oerore
1063 4823 1162 4872 763=
1179 4823 1229 4873 746
1290 4823 1423 4889 76411011-

144 4886 200 4942 lus:
218 4887 289 4944 cero.
304 4888 382 4944 Nico.
455 4895 506 4944 765
524 4891 631 4943 mentes
650 4888 836 4958 Non.p.181
